3309 5167
671 352 874 406 —v11—

208 500 350 574 virium
368 503 599 600 exiguitatis,
618 507 684 578 sed
703 531 860 602 sperans
875 515 1003 578 tamen
1020 505 1148 604 aliqua
1166 533 1212 581 ex
1230 513 1337 604 parte

208 636 365 711 fortasse
380 665 458 712 non
476 667 619 713 vanum
638 641 794 714 omnino
808 652 846 715 et
859 642 1013 716 inanem
1026 640 1196 717 laborem
1210 670 1338 717 meum

208 770 299 846 fore.
326 771 383 845 Ac
410 775 564 871 quidem
590 775 622 849 si
640 776 810 850 codicem
828 776 955 872 ipsum
973 776 1258 852 Londinensem
1281 778 1339 850 in-

209 905 353 1001 spicere
379 934 457 981 non
483 910 590 1007 potui
605 909 626 1005 1,
654 912 730 1006 sed,
754 920 796 983 ut
822 911 900 983 iam
926 909 1146 987 Bonnenses
1173 914 1269 1008 edd,
1297 938 1341 987 ea

208 1048 358 1113 tantum
381 1070 399 1111 κ
418 1045 547 1117 codicis
563 1071 674 1118 mortu
691 1048 817 1142 scrrptr‘
834 1048 990 1140 inopiae
1008 1074 1026 1115 >›
1046 1054 1058 1091 2
1077 1072 1192 1143 quam
1214 1047 1341 1119 minor

212 1156 382 1252 Pertzius
409 1179 617 1275 proposuit,
644 1204 734 1252 usus
761 1204 864 1274 sum3
892 1180 925 1252 si
950 1190 1137 1254 textuma
1164 1179 1341 1254 Bonnen-

210 1309 313 1390 sibus
338 1315 470 1387 datum
502 1313 634 1410 paucis
666 1315 873 1387 admodum
900 1313 992 1389 loeis
1024 1315 1241 1412 suppletum
1277 1325 1343 1388 aut

209 1460 398 1524 mutatum
418 1449 590 1544 exhibui3
609 1450 641 1523 si
660 1450 823 1546 denique
838 1476 916 1523 non
934 1451 1110 1525 omnibus
1124 1478 1220 1549 quae
1239 1453 1341 1548 apud

211 1585 456 1659 Licinianum
481 1585 628 1658 incerta
654 1595 692 1658 et
717 1588 878 1658 obscura
916 1613 955 1659 se
981 1589 1175 1683 praebent,
1211 1586 1341 1659 lumen

211 1720 366 1817 aliquod
390 1718 561 1793 attulisse
596 1720 765 1814 confid03
805 1731 946 1815 tamen,
974 1747 1061 1793 cum
1101 1721 1340 1795 adhibuerim

210 1882 254 1929 ac
281 1854 485 1951 diligenter
519 1855 786 1950 perpenderim
812 1855 853 1927 in
889 1855 1033 1952 duplici
1067 1857 1341 1930 commentario
1370 1885 1374 1888 *

211 2014 284 2085 quo
311 1987 378 2060 has
405 1987 647 2061 Licinianeas
675 1986 855 2085 reliquias
882 1989 1057 2084 instruxi,
1082 1990 1269 2087 quidquid
1295 1991 1344 2062 ad

210 2149 271 2198 eas
298 2122 378 2195 sive
406 2121 637 2219 supplendas
664 2122 744 2195 sive
770 2124 1028 2196 emendandas
1047 2123 1126 2214 sive
1145 2123 1340 2196 illustran-

212 2258 279 2329 das
306 2256 445 2329 eruditi
471 2255 547 2327 viri
572 2281 691 2352 usque
717 2257 766 2329 ad
791 2255 863 2328 hoo
882 2267 1031 2353 tempus
1050 2257 1344 2353 disputaverunt

213 2402 279 2464 aut
305 2391 560 2484 coniecerunt,
596 2416 707 2464 nemo
734 2401 836 2464 certe
869 2416 1010 2488 aequus
1042 2392 1157 2464 iudex
1189 2391 1345 2487 negabit

212 2552 273 2599 me
299 2524 562 2622 expolitiorem
588 2526 790 2599 materiam
816 2526 1035 2623 praebuisse
1060 2525 1345 2622 facilioremque

214 2660 317 2733 viam
335 2661 615 2756 quodammodo
634 2660 827 2757 aperuisse
845 2661 877 2734 si
895 2661 980 2757 quis
995 2660 1152 2756 posthac
1168 2660 1208 2731 in
1228 2659 1346 2754 scrip·

214 2804 334 2868 torem
362 2804 440 2867 tam
468 2794 534 2866 diu
560 2793 778 2890 neglectum
803 2821 922 2868 novas
949 2793 1096 2891 aliquas
1127 2820 1238 2867 curas
1256 2818 1345 2866 oon-

213 2927 311 3002 ferre
337 2926 440 3002 velit.
468 2927 622 3000 Iuvabit
647 2938 843 3025 praeterea
868 2955 929 3001 me
956 2928 1136 3024 primum,
1165 2936 1250 3024 post
1267 2937 1346 2999 tex-

215 3071 296 3133 tum
322 3088 345 3134 a
371 3061 636 3135 Bonnensibus
659 3063 803 3158 datum,
831 3089 890 3136 res
916 3089 938 3135 a
965 3061 1167 3135 Liciniano
1185 3059 1345 3132 traditas

214 3196 500 3293 interpretando
540 3195 813 3292 explicavisse3
853 3223 944 3270 nam
970 3197 1085 3294 quod
1122 3195 1259 3269 attinet
1298 3194 1347 3266 ad

212 3330 541 3424 commentarium,
568 3356 642 3426 quo
668 3329 834 3404 Karolus
868 3331 978 3405 Perta
1005 3330 1211 3403 editionem
1239 3328 1345 3424 prin-

213 3463 337 3561 oipem
363 3462 554 3536 illustrare
580 3473 738 3537 conatus
774 3475 841 3559 est,
867 3465 960 3537 adeo
999 3464 1040 3536 id
1079 3462 1275 3556 obsolevit,
1302 3470 1345 3531 ut

215 3598 292 3670 iam
318 3596 396 3670 fere
423 3596 569 3669 nullam
596 3596 667 3669 utrl
684 3608 800 3671 tatem
831 3598 968 3672 afferre
994 3597 1122 3694 possit.

262 3867 271 3899 ¹
291 3866 365 3922 Cum
384 3865 421 3920 ad
441 3865 659 3921 restituendam
678 3866 834 3937 antiquam
856 3867 1038 3937 scripturam
1057 3865 1128 3920 olim
1148 3863 1270 3919 cultello
1289 3863 1357 3917 dili-

208 3973 384 4044 gentissime
404 3989 521 4027 orosam
549 3973 717 4028 ammonius
745 3972 941 4044 sulphuratus
969 3971 1124 4029 adhibitus
1143 3975 1231 4040 esset,
1261 3971 1294 4025 P.
1313 3969 1357 4023 De

207 4078 344 4151 Lagarde
372 4080 434 4152 (Zu
463 4078 595 4136 Granius
622 4078 798 4135 Licinianus
817 4080 867 4134 in:
886 4079 1070 4149 ledentes.
1094 4081 1123 4137 d.
1144 4079 1357 4151 Gymnasium.

210 4188 243 4241 la
258 4189 359 4258 Jabrq.
379 4185 467 4260 [1858]
486 4204 513 4258 p.
532 4186 657 4256 341343,
676 4185 804 4260 tlt-717)
824 4188 868 4242 ita
888 4186 1019 4242 codicem
1039 4186 1182 4241 afflictum
1196 4204 1261 4243 esse
1280 4187 1357 4242 affir-

208 4294 312 4362 mavit,
331 4298 366 4347 ut
387 4298 453 4365 post
472 4292 584 4347 Pertzii
604 4292 795 4348 collationem
813 4292 876 4349 fere
896 4293 970 4348 nihil
992 4295 1097 4349 iamin
1112 4310 1148 4349 eo
1167 4293 1228 4365 legi
1249 4299 1358 4365 posset.

208 4398 276 4456 Non
295 4400 404 4456 desunt
423 4405 525 4455 tamen
544 4399 649 4470 quide
668 4400 724 4456 hac
743 4418 776 4457 re
795 4400 944 4457 dubitent.

262 4507 404 4564 ²Pertzii
419 4507 519 4580 praef.
539 4526 565 4580 p.
585 4507 656 4564 XII.
