3309 5167
642 375 681 387 ..
702 343 741 402 47
763 376 802 387 ..

150 476 189 527 sio
205 492 256 526 nos
271 474 386 535 ressedm
402 489 437 539 p.3
452 474 566 538 falcatas
582 473 619 536 B,
637 471 685 524 sed
701 472 798 523 6666666
820 472 922 523 mellus
946 472 1094 538 respondet
1110 476 1169 523 cod.
1182 473 1299 524 letteris.

148 584 179 593 -
194 556 236 619 eie]
255 552 429 605 addiderunt
445 555 485 618 B,
496 589 502 603 .
512 589 534 603 ..
550 551 610 604 cod.
623 581 654 592 -
665 553 746 602 6166666
763 553 865 602 circiter
880 552 962 617 milia]
980 551 1020 602 sic
1032 568 1088 614 nos,
1100 552 1296 614 Orosiumtvl,

148 637 171 700 2,
187 637 210 698 6,
226 636 253 697 7)
268 641 297 685 61
313 633 475 699 Appianum
491 632 595 696 (Miller.
610 634 654 695 49)
677 632 780 698 secuti,
805 633 965 695 septaapinto
985 633 1091 682 circiter
1114 632 1188 682 miir'a
1206 633 1299 683 nescio

149 714 289 782 quomodo
304 714 336 765 in
354 720 435 766 textu
452 714 627 779 scripserunt
643 714 673 764 B.
685 718 715 765 et
727 714 756 763 in
773 713 891 763 adnreat
907 713 953 774 qui
962 713 1072 762 coniciet
1083 731 1096 757 «
1108 713 1302 763 Archelausabi

148 795 229 847 LXX
243 796 369 846 circiter·
386 824 413 833 —
430 795 480 860 die]
498 811 549 845 nos
565 794 760 860 supplevimus
774 809 839 844 cum
851 793 927 843 Plut.
942 790 1020 856 (Sati.
1034 794 1092 857 21),
1108 810 1135 845 v.
1151 793 1237 844 etiam
1260 794 1298 844 M.

148 876 287 928 Elemisch
303 877 333 939 (1.
349 881 396 939 m.)
412 905 443 914 -
466 877 531 939 1666
546 876 691 941 suppressa]
709 876 739 926 B.
751 904 781 912 -
791 891 816 924 se
832 874 1101 939 nocta-continebant]
1117 875 1157 924 sic
1173 875 1242 925 bene
1254 890 1300 924 co-

148 957 219 1009 nicit
235 956 533 1020 T1·aubius(cf·Plut·
561 953 626 1007 Sutt-
651 957 682 1005 21
698 956 932 1018 saturissatirrat
953 956 989 1018 εἰς
1007 961 1049 1010 τὸν
1068 960 1174 1029 χάρακα
1186 959 1298 1028 papir,-
1372 987 1379 994 -

151 1047 202 1111 ρῶς
220 1038 294 1106 ath),
311 1043 344 1087 ut
361 1034 436 1100 apud
452 1035 537 1086 Mich.
554 1035 693 1086 Elemisch
708 1035 737 1098 (l.
755 1039 802 1097 m.)
817 1033 963 1098 videmus,
982 1035 1171 1097 praefectorum
1189 1036 1298 1096 imperio

148 1114 339 1165 continebantur
354 1115 392 1175 B,
401 1129 473 1178 quae
489 1113 651 1164 coniectura
669 1112 772 1163 litteris
784 1113 889 1163 codicis
905 1128 1004 1176 parum
1021 1112 1177 1177 respondet.
1192 1116 1196 1177 Ι
1209 1114 1252 1162 red
1261 1115 1300 1176 fe-

148 1195 243 1259 rocias]
256 1210 321 1244 cum
333 1193 488 1259 Flemisch.3
503 1194 547 1243 sed
562 1195 633 1243 aciae
648 1195 678 1245 B.
695 1198 723 1244 et
740 1211 765 1259 p.
781 1230 837 1244 ....
851 1193 1047 1247 RSEDOCIUS
1059 1192 1120 1245 cod.
1131 1224 1161 1231 —
1172 1193 1299 1261 Abderael

149 1275 196 1339 M.;
214 1274 351 1325 snDERE
366 1273 426 1325 cod.

206 1511 241 1563 A.
260 1512 346 1567 Sulla
365 1511 431 1565 Atii.
448 1508 593 1583 reversus}
608 1509 672 1576 Quo
692 1515 825 1580 tempore
847 1508 930 1564 Sulla
952 1509 1088 1564 Athenas
1104 1508 1228 1564 redierit
1251 1527 1299 1564 res

151 1605 200 1654 est
218 1598 336 1669 quidem
356 1604 567 1666 controversa3
588 1616 689 1654 errare
711 1604 812 1653 tamen
837 1598 958 1653 videtur
973 1598 1138 1653 Pausanias
1152 1598 1189 1669 (Ι,
1203 1599 1246 1666 20,
1262 1600 1299 1668 6),

152 1704 220 1741 cum
239 1686 342 1741 tradat
360 1686 481 1753 Sullam,
501 1704 568 1741 cum
589 1687 725 1742 Athenae
749 1694 937 1758 caperentur,
956 1688 986 1740 in
1015 1687 1138 1741 Boeotia
1156 1688 1249 1742 fuisse
1268 1692 1299 1741 et

153 1775 256 1830 eodem
276 1775 324 1830 die
350 1774 429 1843 apud
456 1775 659 1830 Chaeroneam
689 1778 806 1842 vicisse,
830 1775 937 1830 deinde
965 1775 1101 1830 Athenas
1130 1777 1300 1831 revertisse.

151 1864 351 1919 Statuendum
369 1866 469 1936 potius
487 1869 534 1920 est
553 1865 673 1932 Sullam,
688 1866 815 1920 Athenis
836 1867 933 1936 captis
951 1865 1021 1936 (kal.
1041 1865 1130 1918 Mart.
1144 1883 1170 1919 a.
1184 1883 1211 1918 6.
1227 1865 1299 1935 668),

152 1955 183 2008 16
203 1954 357 2008 Boeotiam
377 1971 408 2009 se
428 1954 599 2022 contulisse,
620 1955 719 2025 ibique
739 1954 842 2009 eodem
863 1972 963 2009 mense
976 1954 1088 2009 Martio
1103 1955 1244 2010 Ponticas
1258 1972 1301 2008 oo·

152 2045 218 2114 pias
237 2042 316 2115 apud
342 2042 544 2098 Chaeroneam
572 2044 693 2112 fudisse,
713 2043 828 2111 deinde,
858 2051 974 2100 aestate
993 2046 1064 2099 anni
1084 2045 1145 2112 668,
1166 2045 1301 2099 Α166666

153 2133 276 2200 redisse,
290 2138 324 2188 ut
336 2135 485 2205 principes
498 2134 654 2190 seditionis
670 2152 764 2205 poena
777 2134 919 2190 afficeret.
934 2167 966 2175 —
979 2134 1129 2204 principes
1141 2133 1300 2207 seditionis]

153 2226 173 2277 i.
192 2240 217 2277 e.
236 2226 435 2295 magistratus
454 2228 485 2279 et
503 2223 637 2279 fautores
655 2225 820 2280 Aristionis
840 2225 1042 2292 Atheniensis,
1056 2224 1203 2295 Epicurei,
1216 2225 1301 2279 cuins

153 2330 245 2385 opera
258 2312 450 2368 Mithridates
464 2312 593 2368 Graecos
607 2312 643 2367 ad
657 2312 834 2368 seditionem
846 2313 1007 2384 impulerat
1019 2315 1059 2384 (v.
1073 2312 1152 2366 Plut.
1165 2316 1238 2370 Sall.
1253 2315 1298 2378 113

153 2402 241 2455 Dion.
261 2400 341 2457 Cass.
359 2401 397 2455 fr.
418 2402 482 2469 1243
504 2403 579 2472 App.
599 2402 700 2457 Mithr.
720 2419 743 2456 6.
763 2402 815 2470 39;
837 2401 924 2456 Ρ666.
946 2402 970 2470 Ι,
988 2403 1032 2469 21,
1051 2403 1092 2472 6),
1113 2401 1152 2468 hi,
1171 2401 1300 2456 Athenis

155 2493 260 2561 captis,
279 2508 346 2543 cum
366 2491 397 2543 in
417 2490 587 2560 Acropolim
607 2507 638 2545 66
658 2492 850 2561 recepissent,
879 2507 931 2561 per
951 2491 1066 2561 aliquot
1084 2489 1148 2544 dies
1172 2489 1201 2543 C.
1221 2488 1301 2544 Scri-

155 2580 243 2635 bonio
263 2582 393 2646 Curioni,
413 2582 458 2634 cni
484 2580 567 2634 Sulla
589 2598 653 2634 eam
677 2580 861 2635 obsidionem
884 2581 1088 2645 maudaverat,
1113 2582 1300 2636 restiterunt.

154 2670 224 2740 Ipse
243 2670 358 2724 Aristio
377 2669 413 2723 ad
434 2671 619 2739 triumphum
633 2669 732 2724 Sullae
746 2677 886 2724 servatus
899 2677 954 2724 est.
968 2669 1109 2725 Ceterum
1122 2669 1186 2724 fieri
1202 2675 1302 2740 potest

154 2766 190 2813 61
217 2761 295 2814 arcis
314 2761 497 2830 expugnatio
518 2767 548 2813 et
575 2760 720 2830 proelium
740 2759 776 2813 ad
803 2759 1004 2814 Chaeroneam
1026 2762 1056 2813 in
1076 2759 1203 2813 eundem
1223 2758 1301 2812 diem

154 2848 325 2914 inciderint,
342 2855 432 2919 atquo
452 2848 520 2902 inde
541 2848 706 2903 Pausaniae
721 2866 805 2903 error
819 2851 967 2917 originem
986 2848 1108 2902 duxerit
1121 2847 1169 2919 (cf.
1192 2847 1302 2904 Theod.

155 2936 308 2991 Reinack:
328 2937 500 2992 Mithridate
518 2939 662 3006 Eupator,
682 2936 776 3003 PariS,
789 2936 879 2990 Didot
894 2938 971 3003 1890,
982 2955 1009 3008 6.
1030 2936 1101 3007 176).
1116 2969 1149 2978 -
1159 2936 1302 3007 6616666·

152 3027 238 3098 piata
257 3058 290 3068 -
310 3029 451 3095 vastabat]
472 3025 674 3093 Mithridates,
694 3027 745 3096 qui
765 3028 796 3080 in
815 3027 888 3081 Asia
902 3043 996 3081 noras
1016 3028 1115 3097 copias
1130 3042 1302 3097 comparare

155 3134 308 3186 nunquam
329 3116 497 3182 destiterat,
514 3121 580 3186 post
593 3116 849 3170 Chaeroneensem
865 3115 978 3170 cladem
993 3116 1122 3170 alterum
1137 3117 1302 3170 exercitum

156 3207 187 3259 16
207 3204 364 3259 Graeciam
377 3206 475 3269 misit,
495 3204 570 3258 duce
590 3204 729 3274 Dorylae,
743 3203 888 3259 fidissimo
901 3211 1143 3276 purpuratorum,
1157 3206 1208 3275 qui
1222 3222 1302 3260 exer·

156 3295 243 3360 citus,
263 3296 311 3347 661
330 3293 495 3348 Archelaus
524 3293 704 3366 praefuerat,
734 3293 869 3363 reliquiis
888 3294 1030 3361 collectis,
1059 3311 1095 3348 ex
1123 3294 1244 3348 Euboea
1271 3295 1302 3348 in

156 3383 311 3437 Boeotiam
331 3389 539 3454 transgressus
559 3388 615 3437 est.
635 3414 667 3424 —
687 3381 914 3455 qriiaqaapiata]
934 3384 1127 3453 septuaginta
1154 3382 1236 3437 milia
1255 3382 1302 3453 (cf.

157 3471 270 3526 Klebs:
289 3473 325 3527 de
342 3471 534 3542 scriptoribus
552 3471 655 3526 aetatis
673 3473 815 3529 Sitltanae
828 3472 895 3525 Ber.
912 3472 981 3525 1876
995 3490 1020 3542 p.
1034 3472 1081 3542 35)
1093 3472 1185 3526 fuisse
1201 3471 1304 3525 dicunt

157 3560 321 3631 Eutropius
331 3560 376 3632 (V,
388 3563 412 3627 6,
423 3561 451 3631 3)
462 3566 492 3615 et
505 3559 628 3616 Orosius
638 3560 700 3633 (VI,
714 3562 740 3628 2,
753 3563 789 3632 6),
802 3561 957 3631 octoginta
970 3560 1150 3615 Plutarchus
1162 3562 1248 3631 (Suu.
1257 3562 1304 3630 20)

158 3656 189 3704 et
207 3651 364 3720 Appianas
383 3650 496 3721 (Mithr.
516 3650 579 3720 49);
609 3667 752 3705 numerus
770 3668 788 3704 a
812 3650 969 3705 Liciniano
988 3649 1119 3705 traditus
1142 3651 1183 3721 (in
1204 3649 1304 3704 codice

158 3744 311 3810 perspicue
330 3739 454 3810 legitur)
475 3740 655 3810 probabilior
676 3739 803 3795 videtur.
819 3770 851 3779 -
866 3739 1030 3810 quadripes
1043 3742 1212 3809 cssedasque
1224 3738 1304 3812 sept]

158 3847 176 3882 a
194 3828 258 3884 solo
277 3828 434 3883 Liciniano
453 3829 508 3884 hoc
527 3829 679 3884 habemus.
700 3861 733 3871 -
752 3831 910 3885 Archelaus
937 3831 1033 3884 decem
1062 3830 1145 3884 arilia
1173 3860 1206 3870 -
1227 3833 1304 3884 colle-

155 3917 246 3991 perat]
267 3936 296 3972 v.
314 3936 413 3989 supra.
436 3950 468 3961 -
486 3919 583 3989 pricio
600 3918 656 3992 die]
676 3918 787 3973 Narrat
807 3919 980 3973 Licinianus
1000 3919 1144 3989 proelium
1165 3918 1246 3989 6666,
1256 3919 1305 3972 Or·

160 4008 345 4073 chomenum,
365 4007 452 4077 quod,
473 4015 639 4079 temporum
660 4010 777 4062 ratione
796 4007 958 4077 diligenter
977 4014 1141 4079 perspecta,
1160 4013 1305 4063 autumno

160 4100 230 4151 anni
251 4116 278 4151 u.
301 4098 354 4151 668
372 4098 485 4151 factum
505 4116 571 4153 6666
590 4098 719 4153 videtur.
740 4097 857 4152 Pontici
878 4103 908 4151 et
927 4097 1055 4152 Romani
1085 4099 1229 4152 acerrime
1250 4116 1305 4168 pu·

160 4193 333 4257 gnavarunt
353 4204 404 4257 per
423 4186 498 4242 duos
517 4187 588 4251 dies,
609 4205 733 4257 quorum
755 4188 853 4258 priore
873 4187 1029 4257 Diogenes
1051 4186 1190 4241 Archelai
1211 4189 1305 4258 privi-

160 4293 246 4346 gnus,
258 4275 426 4331 trucidatus
438 4281 492 4330 est.
505 4308 537 4315 --
547 4274 635 4346 fitius]
647 4278 736 4329 etiam
752 4276 788 4329 ab
798 4278 948 4347 Eutropio,
960 4275 1074 4341 Oresio,
1087 4276 1229 4347 Appian0,
1241 4277 1305 4330 Dio·

161 4382 252 4435 genes
271 4364 351 4419 filius
370 4365 509 4420 Archelai
537 4365 721 4436 appellatur;
750 4365 802 4420 sed
822 4365 900 4436 apud
930 4365 1124 4421 Plutarchum
1152 4366 1237 4437 (Sati.
1259 4367 1306 4437 21)

162 4453 294 4528 Διογένης
313 4455 391 4528 ὁτῆς
411 4454 558 4528 Ἀρχελάου
579 4459 700 4527 γυναικὸς
719 4455 778 4518 υἱὸς.
