3309 5167
530 721 638 798 nra.
666 719 854 797 xxxin
889 717 949 822 (r).

238 971 311 1040 Ibi.
335 972 358 1037 I
377 993 417 1055 r,
436 991 516 1057 pap.
544 973 591 1037 35
608 992 664 1058 p,
685 990 766 1055 pop.
797 971 841 1034 19
865 970 905 1034 Β.

172 1111 317 1183 A....;
330 1159 1307 1183 ............................................

241 1380 454 1400 .........
472 1353 512 1398 eo
536 1335 770 1398 convenerunt
786 1380 795 1397 .
809 1379 816 1395 .
832 1380 839 1395 .
854 1380 864 1397 .
880 1378 906 1395 ..
923 1377 975 1397 ...
993 1331 1078 1413 quot
1095 1324 1221 1428 reliqui
1236 1324 1309 1392 fue-

239 1445 321 1505 runt
343 1438 443 1505 milia
467 1438 512 1504 ad
534 1441 570 1505 X
594 1485 1013 1509 ...................
1036 1433 1195 1519 militum
1220 1434 1310 1500 calc·

238 1569 390 1632 numque
412 1569 483 1613 non
506 1545 644 1613 minus.
665 1598 673 1614 .
692 1544 811 1616 ,milia
835 1543 978 1633 periisse
994 1543 1284 1610 existimantur..
1300 1592 1308 1609 .

240 1705 383 1723 .......
397 1654 554 1722 consules
578 1660 613 1720 et
635 1653 767 1741 equites
790 1649 1011 1722 Romani...
1031 1703 1039 1719 .
1057 1702 1065 1719 .
1083 1702 1117 1720 ..

211 1959 244 2009 A.
260 1958 397 2010 Columna
412 1959 480 2010 haec
497 1959 579 2024 plane
595 1956 689 2010 deleta
705 1962 757 2009 est.
772 1975 799 2023 p.

209 2039 240 2091 R
258 2039 353 2091 Huius
368 2040 515 2091 columnae
531 2040 635 2105 priores
650 2054 749 2091 versus
766 2038 823 2089 1-18
837 2041 989 2102 supersunt
1005 2035 1117 2101 (reliqui
1130 2051 1225 2087 omnes
1242 2034 1314 2085 erasi

163 2124 233 2169 sunt
248 2118 291 2170 ita
307 2125 341 2171 ut
356 2119 413 2186 legi
423 2120 537 2171 omnino
554 2136 610 2171 non
621 2119 729 2185 possint
741 2123 786 2184 p.),
798 2119 846 2171 sed
861 2118 948 2170 etiam
959 2118 1061 2168 borum
1073 2131 1214 2170 versuum.
1224 2131 1315 2180 pauca

163 2205 233 2249 sunt
246 2200 333 2251 verba
341 2217 413 2266 quae
421 2201 491 2252 satis
500 2201 644 2266 perspicue
652 2198 860 2252 discernantur.
869 2227 900 2237 -
908 2198 984 2265 quod]
994 2198 1024 2249 in
1035 2199 1062 2248 1⁰
1071 2213 1164 2249 versu.
1177 2224 1206 2235 -
1222 2196 1313 2261 minua]

162 2282 281 2332 fortasse
292 2281 435 2334 s1MINUS
454 2298 486 2347 p,
505 2282 606 2333 influe
622 2281 700 2336 tertii
717 2297 825 2333 versus.
840 2307 873 2321 -
888 2296 917 2329 ec
933 2279 1108 2345 convenerunt]
1131 2278 1160 2329 in
1177 2276 1314 2342 principio

162 2359 258 2425 quinti
274 2378 380 2414 versus.
396 2362 511 2426 -quod
526 2379 549 2414 r.
565 2365 585 2427 f.
601 2380 633 2413 aa
649 2362 686 2413 ad
701 2362 737 2428 X]
751 2378 777 2427 p.
788 2360 885 2413 Lectio
896 2358 1102 2425 quodammodo
1123 2358 1179 2409 niti
1199 2355 1315 2409 videtur

160 2440 272 2505 litteris,
281 2458 338 2493 uon
346 2443 478 2494 omnibus
489 2443 604 2508 quidem
615 2443 708 2506 certis,
730 2441 973 2505 QUOTRELIQU·
989 2439 1274 2492 FUERUNTrunuA
1287 2474 1294 2489 .
1307 2472 1314 2489 .

162 2522 230 2573 A1X
245 2558 251 2572 .
266 2558 327 2587 ..,
344 2529 431 2589 atque
445 2540 480 2575 ex
495 2540 528 2576 aa
544 2525 662 2576 fortasse
677 2523 805 2589 intellegi
826 2526 920 2588 potest
938 2519 1078 2587 quomodo
1097 2521 1206 2572 factum
1223 2520 1261 2570 sit
1280 2524 1315 2569 ut

164 2601 293 2655 Valerius
309 2605 412 2655 Antias
428 2604 554 2656 traderet
569 2604 657 2670 (apud
673 2605 750 2658 Oros.
766 2605 813 2665 VI,
828 2605 852 2667 3,
868 2606 895 2668 4)
909 2619 944 2655 ex
961 2608 1023 2654 toto
1042 2601 1169 2655 exercitu
1186 2602 1315 2653 Romano

163 2681 257 2735 decem
274 2685 472 2737 tautummodo
487 2686 593 2738 milites
609 2686 788 2752 superfuisse,
811 2687 858 2749 qui
872 2687 991 2736 nurerum
1006 2685 1121 2735 nuntium
1135 2684 1172 2733 ad
1187 2682 1316 2745 augendas

162 2764 278 2815 miserim
287 2773 455 2828 reportarent.
466 2766 569 2818 Antias
580 2767 655 2818 enim
667 2765 717 2831 qui
729 2766 831 2828 omnia,
846 2766 893 2817 sed
906 2781 1037 2817 numeros
1050 2765 1179 2828 maxime,
1194 2764 1316 2815 libenter

163 2841 194 2893 in
210 2844 301 2895 maius
317 2845 422 2897 extulit
445 2849 485 2909 (v.
502 2845 562 2897 Liv.
579 2847 673 2909 XXX,
693 2847 736 2911 103
752 2846 886 2909 XXXVI,
906 2846 938 2894 38
962 2851 991 2897 et
1014 2845 1137 2910 passim),
1164 2858 1315 2894 numerum
1356 2841 1357 2844 ’

163 2939 260 2975 eorum
276 2925 326 2990 qui
342 2927 540 2991 superfuerant
555 2926 574 2978 i.
590 2943 612 2978 e.
629 2927 711 2976 decem
726 2928 800 2977 milia
824 2930 924 2989 (usque
941 2925 978 2977 ad
997 2926 1178 2977 Licinianum
1194 2923 1260 2975 aliis
1286 2928 1315 2974 et

162 3005 325 3057 melioribus
340 3005 468 3058 fontibus
479 3006 638 3069 traditum),
651 3012 686 3057 ut
701 3006 809 3058 animos
818 3007 954 3057 lectorum
969 3005 1165 3058 vehementius
1182 3009 1314 3066 moveret,

159 3085 191 3136 in
208 3085 290 3136 &cem
305 3092 430 3138 mutasse
445 3086 568 3139 videtur.
584 3088 618 3137 In
634 3086 739 3138 litteris
755 3103 820 3138 vero
836 3102 908 3151 quae
922 3102 1008 3150 supra
1020 3084 1172 3137 attulimus
1183 3085 1278 3135 rrmrA
1291 3119 1316 3136 ..

164 3166 230 3217 ArX
243 3203 249 3217 .
260 3204 267 3217 .
277 3204 284 3218 .
296 3168 435 3220 ‚Dieckm
451 3173 487 3233 (p.
502 3168 546 3230 33)
562 3168 653 3234 legere
666 3168 730 3220 vult
742 3185 829 3231 pupae
839 3170 913 3232 facta
928 3174 970 3230 cet,
981 3183 1047 3219 cum
1060 3164 1243 3217 Hirschfeldii
1254 3181 1315 3215 con·

162 3246 302 3299 iacturam
326 3249 430 3314 probet,
448 3249 544 3314 quiin
572 3249 678 3300 litteris
698 3249 822 3314 proxime
847 3265 920 3313 seqq.
939 3252 980 3311 (v.
996 3249 1022 3310 8)
1043 3246 1184 3299 RINONC
1197 3283 1202 3297 .
1214 3283 1220 3297 .
1232 3282 1239 3297 .
1250 3246 1314 3297 OB·

164 3327 236 3380 diem
247 3345 358 3397 pugnae
366 3332 443 3396 apud
452 3330 639 3383 Arausionem
647 3330 817 3393 commissae,
829 3346 847 3381 a
863 3330 1018 3381 Plutarcho
1028 3333 1174 3380 servatum
1184 3327 1257 3391 (Luc.
1265 3329 1308 3391 27)

161 3425 312 3475 agnoscere
328 3411 382 3462 sibi
402 3410 524 3474 videtur,
542 3410 583 3463 ita
600 3416 635 3462 ut
649 3416 729 3462 totns
754 3411 833 3462 locus
849 3412 891 3461 ita
915 3409 1050 3476 legendus
1066 3409 1120 3460 sit:
1153 3444 1178 3460 ..
1195 3425 1244 3460 ,eo
1259 3426 1316 3459 con·

162 3497 284 3541 uenerunt
294 3527 377 3544 .....
393 3498 452 3554 quot
477 3491 573 3555 reliqui
595 3491 701 3556 (reliqui
723 3507 773 3558 pro
796 3491 899 3553 reliqua
917 3493 952 3553 Β)
974 3492 1077 3554 fuerunt
1102 3492 1189 3555 [pugn]
1209 3507 1227 3538 α
1248 3490 1280 3554 [f]
1297 3507 1316 3539 a

164 3574 217 3637 [cta
232 3572 275 3637 est}
302 3573 338 3638 [p]
356 3572 383 3623 ri
397 3572 461 3636 (die)
477 3571 534 3623 Non
550 3576 602 3636 (aa)
621 3571 643 3623 O
660 3573 702 3638 [cI]
721 3573 750 3622 ob
765 3574 836 3635 (res).
860 3570 914 3623 Sed
934 3576 1033 3622 contra
1057 3569 1198 3635 disputari
1223 3575 1316 3634 potest

162 3653 259 3704 Nonas
275 3654 403 3704 octobres
414 3652 488 3705 diem
500 3653 586 3704 fuisse
597 3669 653 3717 quo
664 3652 764 3718 Caepio
779 3654 860 3704 fusus
871 3652 1045 3717 fugatusque
1056 3654 1105 3713 est,
1121 3666 1178 3700 non
1190 3650 1314 3713 Mallius,

161 3732 244 3785 cuius
261 3731 369 3783 cladem
385 3732 551 3784 Licinianus
568 3732 621 3784 bac
639 3732 706 3784 libri
730 3736 810 3799 parte
835 3731 994 3782 narravisse
1017 3729 1141 3781 videtur.
1157 3730 1258 3795 Igitur,
1280 3735 1315 3780 ut

162 3814 237 3864 hanc
253 3811 444 3863 coniecturam
454 3812 632 3878 accipiamus,
652 3828 722 3877 opus
738 3816 781 3863 est
797 3818 832 3861 ut
847 3811 884 3862 ab
900 3809 1090 3861 Hirschfeldio
1106 3808 1316 3860 demonstretur

162 3897 215 3945 aut
231 3890 324 3944 clades
340 3890 484 3956 Caepionis
501 3897 529 3943 et
545 3891 645 3955 Mallii,
657 3890 732 3956 quod
750 3891 800 3942 vix
810 3890 955 3955 probabile
967 3894 1016 3952 est,
1034 3905 1091 3940 uno
1106 3886 1316 3954 eodemquedie

162 3974 254 4025 tactas
270 3988 334 4035 esse,
348 3978 401 4023 aut
416 3972 613 4034 Plutarchum,
631 3976 665 4023 ut
681 3970 731 4022 alii
747 3971 884 4033 fecerunt,
900 3969 931 4020 in
957 3985 1079 4021 errorem
1097 3966 1256 4032 inductum,
1272 3984 1315 4019 se-

162 4053 291 4106 cundum
306 4068 356 4118 pro
372 4052 458 4105 tertio
474 4053 577 4118 proelio
593 4068 831 4104 commemorasse.
846 4078 879 4089 -
901 4050 1075 4116 calonumque]
1095 4052 1138 4115 B,
1160 4051 1316 4113 equitumque

162 4135 337 4200 (UmerUMQ
347 4151 354 4165 ·
365 4134 436 4198 cod.)
447 4150 488 4199 μς
499 4132 547 4185 sed
559 4134 593 4185 de
605 4133 750 4198 equitibus
761 4132 845 4197 paulo
857 4131 932 4182 infra
945 4131 1050 4182 mentio
1062 4136 1120 4196 est,
1132 4130 1174 4181 ita
1187 4137 1221 4182 ut
1232 4130 1315 4182 lectio

162 4216 353 4267 Bonnensium
364 4219 442 4266 certa
457 4213 589 4266 videatur
604 4218 642 4277 (v.
658 4213 745 4265 etiam
756 4212 816 4264 Liv.
834 4211 896 4263 Per.
915 4212 1020 4265 LXVII
1037 4212 1146 4262 militum
1161 4212 1235 4262 milia
1246 4217 1315 4262 octo-

159 4298 232 4360 qiutu
247 4298 337 4360 meua,
363 4296 480 4346 calonum
495 4301 517 4345 et
542 4294 656 4346 lixarum
676 4293 851 4357 quadrapinta
868 4293 1005 4343 secundum
1029 4294 1313 4367 Arusnatium-...

160 4377 243 4442 mutia]
261 4375 302 4427 sic
317 4381 387 4441 puto
403 4374 584 4427 scribendum
602 4389 676 4440 esse3
691 4374 767 4425 amul
783 4390 808 4438 p.
826 4372 898 4436 (cod.
914 4372 1049 4438 SEMm)3
1065 4374 1143 4423 semul
1153 4373 1193 4437 B,
1209 4388 1259 4422 nos
1284 4371 1315 4422 in

162 4455 223 4510 cod.
239 4454 344 4509 litteris
360 4471 509 4532 numerum
527 4455 614 4509 latere
631 4470 727 4507 eorum
743 4453 793 4519 qui
806 4452 882 4519 apud
896 4452 1081 4506 drausionem
1092 4451 1234 4505 interfecti
1247 4457 1315 4504 suut
