3309 5167
827 320 988 390 ..12-

334 457 541 533 percusserant
550 466 660 522 ducem.
671 466 715 523 Of.
725 459 792 522 cum
802 463 871 523 istis
880 467 1027 524 Antiochi
1040 457 1073 523 et
1084 459 1198 524 Dianae
1213 470 1326 540 nuptiis
1338 467 1416 541 quod
1428 463 1481 524 Sess

337 567 411 607 neca
424 553 529 622 (Sana
543 554 567 623 Ι,
586 573 613 627 p.
631 556 700 609 4-17
720 556 793 627 seq.)
805 554 843 611 de
862 547 1097 613 Atheniensibus
1110 558 1211 627 refert,
1225 560 1243 612 i.
1258 575 1282 613 e.
1296 576 1381 613 suam
1391 558 1479 613 deam

337 640 490 698 Palladem
509 644 670 700 Athonem
688 646 820 700 Antonio
840 663 963 701 uxorem
991 646 1063 702 dare
1082 647 1213 704 voluisse
1237 653 1328 720 atque
1355 650 1387 704 in
1415 649 1479 704 eius

335 730 436 787 dotem
454 734 537 792 mille
556 731 673 790 talenta
692 734 827 792 conferre
847 737 945 792 iussos
964 753 1038 793 esse.
1543 785 1546 794 .

388 821 423 878 B.
437 821 575 897 Graccho]
586 823 649 879 Tib.
665 824 858 897 Sempronius
867 825 1022 882 Gracchus
1036 827 1140 883 consul
1158 846 1237 884 auno
1251 845 1278 885 u.
1291 826 1353 895 577,
1367 830 1478 884 iterum
1541 801 1550 866 ί

335 909 414 965 anuo
425 911 486 980 591,
497 912 606 968 Tiberii
617 919 648 969 et
659 913 716 969 Gai
725 914 915 971 tribunorum
926 915 1021 987 plebis
1031 922 1124 988 pater,
1135 919 1183 973 vir
1194 917 1274 973 domi
1283 918 1413 989 bellique
1422 918 1477 973 ela·
1543 931 1550 992 J

335 1016 396 1068 rue,
407 999 443 1056 de
458 1020 516 1072 quo
526 1002 605 1058 infra
614 1003 692 1060 vide.
706 1034 736 1047 ·-
747 1008 855 1061 terrore
873 1005 1024 1080 nocturno}
1034 1007 1171 1064 Vidimus
1189 1007 1337 1081 quomodo
1349 1010 1478 1081 scriptor
1548 1081 1552 1090 ⁴

334 1088 366 1144 II
377 1090 570 1149 libMaccab.
592 1093 773 1150 Antiochum
792 1096 971 1152 morientem
989 1097 1096 1166 faciat;
1116 1099 1261 1169 inpriore
1280 1097 1357 1153 libro
1371 1102 1477 1154 contra
1547 1099 1556 1148 ἰ

334 1178 462 1252 legimus
481 1201 548 1237 eum
568 1184 728 1255 phthiriasi
747 1192 955 1259 consumptum
976 1205 1041 1244 esse
1060 1187 1108 1258 (de
1127 1206 1186 1259 qua
1205 1188 1285 1244 fama
1303 1189 1475 1249 v.Dieokm.

333 1286 360 1341 p.
374 1270 473 1343 lare).
485 1271 542 1327 Sed
552 1272 704 1345 Polybius,
713 1274 792 1330 unde
802 1293 855 1347 per
865 1276 993 1344 Livium,
1003 1278 1050 1331 uti
1060 1294 1114 1332 nos
1125 1277 1341 1345 existimamus,
1352 1278 1425 1333 haec
1434 1296 1476 1333 re·

334 1377 400 1414 rum
414 1355 604 1432 Syriacarum
618 1366 753 1420 narratio
765 1364 803 1420 ad
816 1366 1007 1443 Licinianum
1019 1367 1111 1432 venit,
1131 1367 1274 1422 Antiochi
1287 1366 1475 1439 expeditione

334 1450 365 1505 in
375 1450 551 1522 Elymaiden
563 1454 605 1523 (v.
615 1454 717 1527 supra)
727 1463 901 1525 memorata,
912 1438 1013 1510 addit:
1028 1458 1172 1530 ἀναχωρῶν
1192 1459 1217 1512 ἓν
1231 1457 1332 1528 Τάβαις
1341 1467 1390 1530 τῆς
1402 1456 1474 1531 Περ·
1511 1519 1518 1542 ρ
1572 1475 1580 1504 ³

331 1539 403 1602 οίδος
422 1540 519 1604 ἐξέλιπε
537 1547 580 1598 τὸν
600 1545 655 1615 βίον
666 1545 836 1620 δαιμονήοας,
855 1548 890 1609 ὡς
908 1546 971 1601 ἔνιοί
989 1567 1061 1619 φασι,
1080 1547 1169 1602 διὰτὸ
1188 1550 1313 1621 γενέσθαι
1330 1552 1398 1611 τινὰς
1417 1548 1475 1602 ἑπι-

333 1633 463 1704 οημαοίας
480 1643 524 1689 τοῦ
544 1634 680 1707 δαιμονίου
706 1639 774 1689 κατὰ
792 1638 841 1710 τὴν
859 1644 919 1709 περί
945 1639 974 1690 τὸ
1002 1639 1183 1710 προειρημένον
1210 1638 1278 1711 ἱερὸν
1304 1639 1473 1711 παρανομίαν.

331 1719 412 1786 Quae
431 1723 511 1778 inter
530 1741 562 1779 se
580 1724 783 1796 discrepantia
800 1732 892 1795 atque
919 1725 999 1782 fictis
1017 1725 1126 1783 fabulis
1139 1753 1140 1756 ¹
1154 1733 1303 1785 exornata
1321 1726 1358 1783 de
1376 1734 1474 1783 morte

330 1810 472 1867 Antiochi
491 1815 522 1869 in
542 1814 695 1870 hominum
714 1816 902 1873 sermonibus
920 1816 1042 1888 fuerint,
1056 1805 1125 1873 uide
1138 1817 1217 1890 apud
1231 1817 1339 1873 Flathe
1352 1817 1471 1890 (Gesch.

329 1899 446 1957 Maked.
457 1902 489 1957 ΙΙ
500 1922 526 1975 p.
537 1905 610 1977 593).
621 1936 654 1947 -
664 1923 770 1977 cerpus
779 1905 842 1961 aas
851 1905 917 1980 eta]
935 1906 1034 1963 Aliter
1048 1906 1126 1980 apud
1142 1908 1272 1963 Maccab.
1288 1906 1329 1975 II,
1346 1908 1370 1972 1,
1384 1908 1427 1961 29.
1437 1936 1472 1949 -·

331 1996 405 2052 duoe
414 1999 535 2053 colorem
544 1993 604 2069 etc]
613 1994 648 2050 Id
658 1994 776 2066 quidem
784 1995 917 2067 Daphne,
927 1996 1104 2053 Antiochiae
1114 1996 1303 2064 insuburbio,
1311 1997 1355 2052 ita
1364 2000 1400 2051 ut
1410 1996 1473 2052 haec

329 2104 384 2158 pro
402 2085 455 2140 illa
473 2086 744 2157 nominariposeit.
763 2084 808 2142 De
825 2084 909 2142 Iovis
928 2084 1058 2158 Olympii
1076 2085 1238 2158 Nicephori
1257 2086 1379 2153 colosso,
1399 2104 1473 2141 auro

329 2183 360 2233 et
380 2176 470 2231 ebure
488 2175 601 2242 fictum,
620 2174 659 2230 ad
675 2174 758 2230 illiue
776 2173 913 2231 Phidiaci
940 2175 1169 2231 similitudinem
1188 2193 1215 2232 v.
1237 2181 1356 2248 praeter
1375 2176 1473 2230 Amm.

328 2265 462 2321 Marcell.
480 2266 562 2336 (XII,
582 2265 624 2332 13,
644 2265 680 2336 l),
693 2263 844 2320 Cavedoni
861 2264 892 2336 (l.
912 2283 951 2322 m.
971 2283 997 2337 p.
1013 2266 1085 2337 139),
1105 2267 1155 2337 qui
1170 2266 1325 2321 existimat
1344 2259 1473 2336 effigiem

328 2354 410 2411 Iovis
428 2354 558 2427 Olympii
577 2354 710 2411 sedentis
728 2356 947 2425 victoriamque
960 2355 1068 2410 dextra
1087 2357 1219 2411 tenentis
1238 2357 1268 2410 in
1282 2354 1472 2411 Seleucorum

327 2446 457 2500 nummis
467 2445 596 2516 primum
607 2445 780 2516 apparuisse
790 2444 939 2499 Antiocho
949 2444 1103 2516 Epiphane
1113 2444 1155 2500 IV
1164 2449 1311 2517 regnante
1321 2444 1368 2515 (ef.
1376 2442 1472 2499 Ower·

228 2549 232 2555 ·
327 2534 464 2589 beekium
483 2552 500 2588 a
522 2534 723 2589 Dieckmanne
741 2532 820 2588 laud.
841 2552 868 2606 p.
887 2534 942 2604 90).
969 2533 1053 2600 Quod
1081 2533 1119 2589 ad
1148 2534 1348 2606 Capitolinum
1368 2534 1472 2589 Iovem

327 2626 446 2692 attinet,
465 2625 540 2679 haec
558 2629 678 2678 tantum
697 2640 734 2678 ex
752 2623 880 2679 Liviano
899 2623 964 2678 loco
993 2623 1145 2691 habemus,
1174 2626 1226 2695 qui
1254 2623 1378 2679 mutilus
1406 2629 1471 2679 est:

326 2713 496 2770 Antiochiae
514 2712 592 2768 Iovis
606 2711 767 2783 Capitolini
783 2711 972 2783 mapnifienrn
986 2714 1125 2783 temptum
1140 2730 1200 2768 non
1217 2714 1385 2784 laqueatam
1398 2728 1471 2767 auro

327 2808 450 2872 tantum,
469 2804 519 2858 sed
534 2801 700 2873 parictibus
719 2802 785 2858 totis
803 2802 916 2858 lucrina
935 2801 1108 2858 increratam
1127 2802 1226 2857 etalio
1245 2803 1337 2858 multa
1359 2802 1392 2857 in
1404 2801 1472 2857 aliie

325 2893 394 2949 locis
413 2892 568 2963 pollicitus,
587 2891 660 2963 quia
676 2894 811 2962 perbreve
829 2894 942 2962 ternpus
969 2891 1053 2961 νομαί
1080 2891 1142 2946 aas
1166 2891 1236 2960 fait,
1264 2907 1324 2947 nen
1349 2889 1472 2961 perfecit

325 2982 416 3054 (XLI,
435 2983 491 3054 20).
509 3014 545 3022 -
563 2982 731 3037 duodenum
750 2979 822 3054 cub]
835 2980 975 3036 Oolossus
989 2980 1073 3037 Iovis
1088 2979 1226 3052 Olympii,
1240 2979 1403 3035 secundam
1416 2980 1470 3034 Ar·

326 3072 448 3127 nobium
467 3071 545 3143 (odo.
564 3073 627 3125 nat.
639 3068 689 3136 VI,
703 3071 757 3140 21),
771 3069 906 3124 cubitum
920 3068 1021 3125 decem
1037 3075 1112 3139 erat,
1125 3068 1293 3140 quindecim
1307 3068 1470 3124 secundum

325 3161 415 3218 Olem.
435 3161 521 3215 Alex.
542 3162 698 3232 (Protrept.
716 3161 742 3227 4,
762 3160 817 3231 52).
838 3189 869 3200 -
889 3176 926 3215 ece
944 3160 1058 3232 Media)
1079 3159 1262 3215 Antiochum
1290 3161 1321 3213 in
1340 3158 1469 3214 Mediam

323 3268 356 3307 se
375 3251 538 3306 contulisse
557 3268 593 3305 ex
612 3249 644 3305 II
664 3251 864 3306 Maaaoaeor.
884 3250 922 3320 (9,
941 3249 970 3322 3)
997 3255 1088 3320 atque
1117 3267 1154 3304 ex
1172 3248 1323 3320 Stephano
1341 3247 1414 3319 Byz.
1432 3250 1442 3317 (
1459 3287 1466 3300 .

322 3340 485 3412 Ἀγβάτανα)
504 3345 637 3410 apparet.
659 3368 693 3380 -
714 3337 881 3409 Olympioni
908 3338 927 3391 i.
953 3354 977 3392 e.
1001 3337 1145 3409 templum
1164 3336 1248 3394 Iovis
1266 3335 1397 3408 Olympii
1414 3352 1468 3390 cu-

322 3431 370 3485 ius
388 3428 584 3484 fundamenta
603 3427 758 3483 Pisistrati
780 3426 966 3498 temporibus
992 3428 1090 3498 posita
1115 3431 1188 3483 sunt
1203 3428 1341 3499 (Aristot.
1355 3427 1418 3481 Pol.
1433 3424 1466 3490 V,

322 3520 348 3588 9,
366 3520 385 3573 4
403 3530 446 3575 τοῦ
464 3519 607 3592 Ὀλυμπίου
625 3520 646 3590 ἡ
664 3506 834 3590 οἶνοδόμὴοις
853 3519 902 3571 ὑπὸ
920 3526 970 3571 τῶν
989 3514 1221 3590 Πεισιστρατιδῶν),
1234 3515 1287 3571 sed
1300 3514 1468 3570 aedificatio

322 3609 497 3681 imperfecta
524 3612 730 3679 permanserat
758 3607 846 3680 (Vitr.
865 3606 884 3660 l.
903 3623 960 3661 m:
978 3607 1098 3663 Attenia
1124 3606 1307 3662 Antisthenes
1333 3608 1361 3660 et
1386 3603 1467 3660 Anti-

321 3698 468 3756 mactides
479 3701 506 3754 et
524 3697 648 3753 Porinos
660 3695 808 3754 architecti
821 3694 978 3752 Pisistrato
990 3698 1091 3752 aedem
1104 3696 1169 3752 Ioui
1190 3694 1323 3768 Olympio
1343 3694 1468 3764 facienti

318 3789 516 3858 farzdamento
534 3787 766 3856 constituerant,·
780 3791 856 3858 poet,
870 3789 989 3843 mortem
1008 3790 1107 3842 autern
1119 3786 1181 3841 eius
1196 3789 1319 3856 propter
1337 3784 1466 3854 interpret

318 3878 454 3934 tationem
481 3876 662 3948 reipublicae
688 3877 805 3948 incepta
832 3863 1030 3947 reliquerant).
1058 3876 1146 3930 Hanc
1164 3874 1332 3929 Antiochus
1360 3890 1465 3928 rursus

320 3968 447 4038 sumpsit
466 3972 556 4037 atque
584 3965 742 4037 magnifiee
770 3970 946 4037 persecutus
974 3970 1021 4021 est
1049 3963 1164 4037 (Polyb.
1193 3955 1295 4019 XXVI
1317 3965 1340 4030 1,
1363 3963 1464 4030 10-11;

319 4056 386 4111 Liv.
405 4056 485 4123 XLI,
504 4057 547 4123 20,
566 4055 600 4123 8;
613 4054 688 4111 Vitr.
701 4055 720 4109 l.
732 4072 783 4123 m.;
799 4054 874 4110 Vell.
888 4052 1035 4119 Pat.I,10
1051 4076 1063 4103 e
1076 4052 1245 4110 inchoavit»
1260 4070 1319 4107 nen
1333 4053 1408 4107 satis
1421 4068 1466 4105 ac·

320 4151 424 4200 curate
443 4145 541 4199 dicere
559 4143 697 4214 videtur),
717 4143 768 4199 sed
788 4142 825 4197 ad
844 4143 934 4198 finem
953 4159 1012 4198 non
1032 4142 1180 4214 perduxit,
1200 4158 1275 4211 quae
1289 4139 1386 4212 gloria
1404 4140 1465 4194 Ha-

320 4234 426 4289 driano
453 4234 627 4304 imperatori
655 4238 777 4289 servata
799 4238 855 4288 est.
883 4231 999 4287 Nomen
1032 4229 1240 4303 ‹Olympico›
1272 4229 1347 4284 nihil
1372 4228 1463 4283 habet

320 4324 399 4395 quod
413 4321 551 4391 offendat,
566 4339 635 4376 nam
648 4328 682 4376 ut
694 4321 807 4377 Graece
819 4320 989 4394 Ὀλυμπίειον
1002 4320 1110 4391 (serius
1128 4318 1289 4392 Ὀλύμπιον),
1302 4319 1346 4372 ita
1355 4317 1464 4371 Latine
1478 4343 1479 4346 ¹

321 4414 503 4486 Olympicum
517 4417 548 4468 et
566 4411 735 4485 Olympiam
754 4411 909 4467 dicebatur
926 4412 967 4486 (v.
986 4410 1065 4466 Keil.
1085 4409 1103 4464 l.
1118 4427 1158 4464 m.
1175 4413 1205 4465 et
1219 4408 1390 4479 Dieckm.p.
1404 4407 1479 4480 23.)

760 4572 1021 4602 -ἥψ-ι--ο
