3309 5167
855 307 1021 367 ..50-

363 439 418 491 levi
427 438 669 491 transmutatione
686 439 769 500 facta,
782 437 874 488 locum
886 436 1015 489 restituit
1026 436 1178 488 Linkerius
1189 441 1224 498 (o.
1236 453 1272 487 m.
1284 454 1309 502 p.
1321 438 1394 501 638),
1405 439 1435 488 B.
1448 454 1512 491 cum

360 519 454 572 codice
470 521 614 572 scribunt:
631 521 670 570 luis
686 549 716 557 -
733 520 882 582 compositio,
905 519 1005 581 reliqua
1029 521 1105 569 classe
1127 520 1223 584 [protus
1246 519 1280 569 P.
1300 519 1512 571 1666666666

359 602 577 655 Ariobordu'onem
587 607 614 651 ut
624 618 724 651 servum
734 601 840 665 respuit}
853 602 880 649 in
893 600 1003 650 Pontum
1011 600 1194 661 proficiscitur,
1206 598 1417 664 adnotantque:
1432 622 1443 647 α
1453 619 1513 663 pro·

362 683 399 734 tio
415 711 446 719 -
462 682 578 744 respuit»
599 681 631 730 ab
646 682 810 743 epmmuure
825 681 891 730 moto
907 680 955 729 lunc
970 680 1069 728 adscita
1086 680 1237 729 seclusimus.
1247 681 1309 730 Non
1321 686 1511 744 opportunum

360 769 455 814 censet
470 760 645 813 Schmidtius
660 765 697 825 (p.
714 762 771 823 226)
787 779 801 809 u
813 760 1021 811 ι’16666666666
1038 788 1069 797 -
1084 762 1204 823 respuite
1229 760 1304 825 quod
1321 766 1432 812 constet
1448 780 1512 814 eum

360 860 425 896 curn
443 842 610 895 Mithridate
627 843 655 892 in
672 842 1038 907 ῑ(66616166661166666666
1056 839 1099 891 his
1118 842 1212 894 verbis
1228 844 1381 907 praeferret
1405 864 1418 896 u
1432 847 1512 896 Ario-

360 925 485 976 bordn’une
499 926 527 974 in
543 941 648 987 reprom
663 925 774 975 restituto
786 942 799 971 6
816 924 839 974 61
858 922 939 974 modo
955 923 984 972 id
1002 923 1105 974 litteris
1121 922 1225 974 codicis
1236 924 1291 975 niti
1309 932 1408 990 posset.
1425 955 1456 965 -
1472 930 1510 993 oe]

358 1011 569 1070 praestaturum»
587 1007 616 1055 B.
634 1006 662 1055 in
680 1006 745 1056 adn.

407 1088 438 1140 B.
453 1088 522 1138 Pars
538 1086 660 1138 exterior
676 1086 763 1136 huius
778 1086 925 1137 columnae
942 1087 1040 1137 avulsa
1057 1091 1099 1137 est
1116 1086 1157 1137 ita
1174 1092 1207 1137 ut
1224 1088 1349 1138 omnium
1376 1091 1433 1140 fere
1449 1106 1512 1140 ver-

361 1184 446 1219 suum
463 1167 574 1218 litterae
590 1183 648 1218 una
664 1167 710 1218 vel
728 1166 800 1217 duae
817 1167 861 1218 vel
879 1173 936 1218 tres
953 1178 1094 1219 extremae
1111 1167 1313 1220 desiderentur.
1325 1186 1350 1235 p.
1362 1199 1391 1208 -
1409 1171 1510 1238 Iapetus]

343 1250 407 1312 'B.;
423 1247 494 1311 (cod.
511 1249 561 1299 RE
573 1285 578 1296 .
591 1285 597 1298 .
609 1284 615 1297 .
627 1285 633 1298 .
645 1285 651 1298 .
663 1251 688 1310 );
703 1253 773 1296 retro
789 1247 827 1298 M.
844 1247 892 1311 qui
909 1253 1003 1298 totum
1023 1248 1115 1298 locum
1129 1247 1279 1299 Hortensius
1290 1279 1320 1287 —
1331 1251 1456 1303 cumbunt
1472 1254 1513 1305 ita

361 1329 504 1380 emendari
521 1328 659 1379 iussit...
676 1328 827 1378 Hortensius
843 1334 911 1377 retro
926 1329 1070 1390 supererat,
1086 1330 1138 1391 ipre
1157 1328 1231 1379 Sulla
1247 1332 1382 1381 sancitum
1395 1334 1422 1382 in
1440 1334 1512 1384 Moe-

361 1410 433 1459 diom
447 1409 592 1459 induxerat.
611 1409 769 1470 Priusquam
784 1409 811 1457 ia
827 1408 918 1458 Asiam
929 1407 966 1456 ad
981 1408 1274 1471 conloquiumtransiret,
1294 1410 1440 1462 Dardanos·
1450 1431 1512 1475 quo-

362 1507 409 1553 que
428 1495 451 1539 et
477 1489 619 1539 Denseletae
639 1495 777 1550 ceterosque
800 1490 847 1550 qui
863 1488 1038 1538 Macedoniam
1062 1489 1202 1540 vorabant.
1216 1529 1221 1540 .
1234 1528 1239 1540 .
1252 1507 1274 1554 .;
1291 1493 1319 1541 Β.
1338 1508 1387 1556 pro
1417 1496 1513 1544 «cumis

362 1571 491 1622 hostibus»
506 1572 636 1621 scribunt
647 1571 677 1621 in
688 1576 771 1622 textu
783 1589 796 1618 u
810 1569 1002 1633 Scordiscorum
1014 1590 1027 1619 6
1037 1589 1043 1630 ;
1055 1588 1112 1634 nos,
1125 1579 1240 1624 auctore
1252 1574 1390 1624 Bursiano
1400 1580 1436 1639 (p.
1447 1578 1511 1638 650),

363 1653 510 1705 lectionem
526 1652 587 1704 cod.
600 1652 689 1703 secuti
706 1669 805 1702 sumus
817 1657 855 1715 (v.
867 1652 952 1703 etiam
967 1654 1005 1703 M.
1022 1653 1159 1703 Flemisch
1172 1654 1189 1703 l.
1206 1658 1260 1717 m).
1273 1684 1301 1693 -
1318 1656 1449 1718 torporata
1460 1694 1465 1707 .
1478 1693 1484 1707 .
1497 1661 1512 1724 .]

363 1752 387 1799 p.
404 1735 599 1798 (INPAGusn.
614 1733 718 1796 .cod.);
735 1769 759 1783 ..
772 1769 778 1782 .
790 1735 837 1796 B.;
853 1734 925 1783 Keil.
941 1738 977 1798 (p.
989 1735 1046 1786 649)
1062 1734 1168 1784 6661616
1189 1736 1306 1785 «intaeta
1322 1736 1454 1787 661166-
1471 1775 1513 1789 ...

363 1852 484 1868 .......
501 1817 508 1881 ]
526 1817 616 1866 Locus
632 1820 675 1865 est
691 1816 930 1880 corruptissimuS,
947 1820 1075 1865 attamen
1092 1815 1167 1866 cerni
1187 1822 1303 1880 possunt
1323 1817 1434 1869 litterae
1452 1820 1516 1870 PA-

363 1898 465 1949 PHLA
478 1933 484 1946 .
497 1897 547 1948 ΟΝ
559 1932 566 1945 .
578 1934 584 1946 .
597 1937 602 1946 .
613 1912 620 1959 ;
631 1896 746 1947 minime
758 1896 850 1960 igitur
862 1895 1006 1961 probanda
1018 1895 1134 1947 videtur
1148 1898 1339 1948 Bonnensium
1351 1887 1514 1951 coniectura

368 1979 432 2041 «qui
444 1984 500 2040 poet
515 1984 550 2027 est
565 1978 711 2039 appellatus
728 1977 918 2039 Philopator»,
935 1993 1000 2027 cum
1019 1993 1110 2041 neque
1136 1979 1323 2028 necessarium
1340 1978 1513 2032 additamen-

362 2064 425 2109 tum
440 2058 572 2122 praebeat
587 2073 677 2122 neque
693 2057 752 2107 ulla
769 2056 828 2107 cod.
845 2056 956 2121 syllaba
974 2057 1017 2107 hie
1035 2057 1162 2120 nitatur,
1182 2057 1256 2108 idem
1279 2058 1335 2109 dici
1361 2064 1454 2123 potest
1480 2060 1514 2112 de

362 2137 524 2190 coniectura
539 2137 625 2188 Keilii
641 2142 677 2202 (p.
694 2138 752 2199 643)
773 2160 782 2180 e
799 2139 902 2199 rapique
918 2138 1108 2188 Ariotordiont
1124 2139 1344 2200 Cappadociam»
1365 2141 1423 2191 Nos
1440 2142 1513 2191 coni·

362 2220 467 2270 cimus:
488 2220 551 2268 «cui
564 2225 598 2268 eat
611 2236 677 2280 pars
693 2219 784 2269 addita
804 2219 1026 2281 Papthzqoniae»
1052 2217 1122 2281 (cod.
1146 2219 1274 2271 RUC...
1291 2221 1514 2273 ESToPRELlA

362 2300 553 2351 TIPAPHLA
565 2335 571 2348 .
582 2299 632 2350 ΟΝ
644 2336 650 2349 .
663 2336 668 2348 .
681 2304 705 2360 .).
715 2329 746 2337 -
761 2301 949 2350 mansuetior..
962 2337 967 2349 .
979 2317 1056 2361 quam
1068 2335 1203 2350 ........
1217 2302 1224 2365 ]
1241 2301 1374 2351 Dubitari
1392 2318 1448 2352 non
1465 2320 1514 2366 po-

364 2385 420 2432 test
436 2381 481 2430 hic
498 2380 531 2431 de
547 2380 708 2432 Nicomedis
724 2380 785 2431 vita
801 2386 868 2431 aute
880 2387 945 2432 acta
956 2381 1137 2432 Licinianum
1155 2382 1239 2446 loqui,
1251 2381 1298 2433 sed
1311 2383 1341 2432 in
1355 2383 1449 2434 codice
1469 2384 1514 2435 hic

363 2465 392 2511 et
406 2459 524 2524 proximi
542 2460 669 2525 quinque
685 2477 782 2512 versus
797 2460 904 2523 (ultimi
920 2461 948 2511 in
966 2461 1109 2523 columna)
1123 2461 1192 2512 adeo
1209 2460 1336 2512 mutilati
1348 2468 1376 2513 et
1387 2463 1513 2527 corrupti

363 2545 432 2591 sunt
448 2546 481 2591 ut
497 2539 532 2590 66
543 2538 664 2591 remedio
680 2541 761 2605 plane
772 2540 905 2605 desperes.
917 2543 1046 2592 Fortasse
1064 2542 1105 2590 18⁰
1116 2546 1144 2593 et
1158 2543 1198 2591 19⁰
1212 2558 1296 2594 versu
1309 2543 1513 2605 praebebatur:

362 2622 438 2670 comis
452 2628 474 2671 et
490 2623 642 2671 monmuetior
656 2623 706 2684 fuit
722 2639 798 2685 quom
812 2629 895 2683 potor,
911 2623 953 2671 sed
968 2639 1023 2671 carn
1038 2629 1096 2673 esset
1109 2660 1114 2673 .
1127 2659 1132 2672 .
1146 2660 1151 2673 .
1164 2659 1188 2673 ..
1213 2650 1243 2660 -
1268 2622 1392 2673 Ronmanis
1407 2622 1512 2689 dolans]

369 2702 514 2753 «Romanis
529 2701 648 2751 daddus»
670 2703 814 2754 coniciunt
832 2704 862 2752 Β.

422 2964 457 3017 Α.
474 2967 540 3020 Rea
558 2995 592 3005 -
613 2965 815 3038 Gattopraecis]
834 2965 922 3019 Hanc
941 2965 1067 3019 alteram
1087 2964 1289 3019 condicionem
1312 2983 1329 3019 a
1349 2964 1430 3019 Sulla
1450 2982 1512 3035 pro·

366 3054 493 3123 positam
507 3057 542 3106 66
560 3071 618 3124 pax
632 3053 697 3106 fieri
710 3060 819 3125 posset,
833 3053 911 3125 apud
926 3060 1042 3109 ceteros
1055 3055 1218 3124 scriptores
1237 3055 1407 3109 invenimus
1420 3054 1511 3125 (Plut.

365 3144 439 3200 Sall.
458 3143 508 3208 223
530 3143 604 3212 App.
625 3143 711 3198 Mira.
731 3144 778 3206 55;
798 3143 908 3197 Memn.
928 3144 978 3210 35;
998 3143 1064 3197 Liv.
1083 3161 1142 3213 per.
1162 3143 1212 3210 83;
1242 3143 1323 3197 Flor.
1345 3143 1369 3209 I,
1387 3144 1431 3208 40,
1451 3144 1511 3212 42);

365 3229 418 3286 666
437 3229 515 3301 6666
534 3230 630 3285 solum
650 3232 838 3286 Licinianum
862 3232 946 3287 deest
969 3231 1162 3302 Cappadocia,
1191 3234 1385 3286 nominantur
1414 3231 1512 3287 Gallo-

365 3322 466 3392 graeci
485 3321 502 3377 i.
524 3338 549 3375 e.
568 3320 706 3375 Galatiae
726 3323 840 3377 incolae
859 3340 989 3392 quorum
1000 3322 1169 3378 tetrarchas
1187 3322 1381 3378 Mithridates
1395 3322 1513 3377 interfe-

366 3416 448 3465 cerat
466 3410 554 3482 (App.
573 3411 675 3467 Mithr.
695 3412 751 3481 46).
770 3442 805 3453 -
827 3414 857 3476 Q.
879 3412 1007 3482 Oppium
1024 3411 1150 3484 Mirtql
1169 3412 1201 3478 Q.
1221 3412 1333 3484 Oppius
1348 3430 1419 3467 vere
1441 3414 1512 3467 anni

364 3517 392 3554 u.
412 3500 473 3562 666,
494 3517 561 3553 cum
580 3502 722 3555 universa
741 3501 814 3555 Asia
833 3500 870 3554 ad
886 3501 995 3555 bellum
1014 3506 1118 3555 eontra
1139 3501 1290 3556 Romanos
1303 3520 1320 3554 a
1334 3501 1512 3556 Mithridate

295 3591 297 3594 ’
365 3590 491 3644 16616666
511 3595 598 3658 66666,
619 3590 724 3644 relicta
744 3590 918 3662 Pamphilia,
939 3590 1114 3645 Laodiceam
1139 3592 1169 3645 in
1199 3591 1303 3645 urbem
1326 3591 1512 3662 confugerat,

364 3677 416 3733 sed
435 3678 633 3733 Laodicenses
653 3679 827 3751 paulopost
847 3681 1000 3751 captivum
1020 3686 1051 3733 et
1074 3682 1190 3735 catenis
1215 3681 1349 3734 vinctum
1373 3697 1441 3734 eum
1461 3681 1512 3734 Mi-

364 3767 490 3822 thridati
519 3767 723 3836 tradiderant,
754 3772 854 3839 peiore
894 3770 1016 3825 fortuna
1045 3787 1117 3824 usus
1144 3776 1193 3825 666
1221 3770 1342 3824 Μ66166
1371 3770 1512 3839 Aquilius

363 3857 455 3927 (cons.
474 3857 535 3923 653,
556 3873 712 3911 servorum
726 3856 902 3912 seditionem
917 3858 1061 3912 6666665
1076 3860 1105 3911 16
1120 3857 1221 3913 Sicilia
1236 3858 1437 3928 oppresserat)
1451 3859 1510 3927 qui,

365 3944 468 4000 eodem
488 3959 567 3999 anuo
580 3944 773 4017 quoOpplus,
793 3964 810 3999 a
823 3946 1016 4016 Mitylenaeis
1041 3952 1146 4017 captus
1170 3953 1200 4001 66
1222 3946 1391 4001 Mithridati
1417 3946 1513 4001 tradi-

363 4039 422 4100 tus,
437 4039 471 4087 ut
490 4033 559 4087 belli
580 4036 754 4099 concitator,
775 4035 947 4105 turpissime
967 4036 1004 4089 ab
1029 4052 1063 4089 eo
1086 4036 1276 4090 excruciatus
1290 4041 1416 4090 mortem
1437 4037 1513 4091 obiIt

365 4119 417 4190 (ch
431 4123 506 4193 App.
525 4123 628 4178 Mittur.
647 4124 691 4190 21,
712 4125 771 4190 112,
793 4124 869 4180 Plin.
889 4127 927 4178 H.
949 4127 986 4179 N.
1006 4124 1154 4189 XXXIII,
1177 4125 1218 4191 14,
1237 4125 1365 4191 483010.
1384 4126 1420 4179 de
1440 4125 1510 4195 imp.

366 4213 418 4268 Cn.
439 4215 542 4281 Pomp.
556 4213 582 4278 5,
604 4214 635 4268 11
655 4216 732 4282 etc).
751 4213 858 4283 Itaque
877 4219 981 4268 nostro
1000 4215 1066 4267 iure
1081 4216 1225 4267 miramur
1245 4213 1322 4284 quod
1338 4214 1514 4269 Licinianus

364 4317 383 4354 6
402 4300 578 4356 Mithridate
606 4300 717 4356 Sullam
745 4307 936 4373 expetentem
965 4302 1057 4358 faciat
1077 4302 1238 4372 Aquilium,
1260 4321 1327 4357 cum
1347 4302 1512 4358 verisimile

365 4406 425 4452 aon
444 4389 485 4452 sit
504 4394 576 4452 tuno
595 4389 715 4460 Sullam,
736 4390 813 4468 quod
827 4390 964 4450 omnibus
979 4391 1169 4451 notissimum
1183 4397 1272 4463 esset,
1291 4393 1446 4463 ignorasse
1459 4396 1514 4450 aut
