3309 5167
774 327 935 388 ..40-

282 462 330 515 sed
347 462 423 515 idem
440 461 536 527 quiin
553 459 643 511 Licin.
659 458 811 524 codice‚est
829 458 980 509 verborum
998 455 1066 506 ordo
1083 451 1158 519 apud
1175 452 1292 504 Dionem
1308 450 1435 503 Cassium

284 544 329 606 (fr.
347 543 400 604 100,
416 543 461 605 7).
476 539 557 608 ..τήν
570 556 597 589 τε
610 538 660 609 γὰρ
679 535 809 589 πολιτείαν
826 533 920 606 ἠξίουν
940 532 989 603 οὐχ
1007 533 1108 592 ἑαυτοῖς
1127 532 1213 601 μόνον,
1232 527 1303 581 ἀλλὰ
1321 528 1365 579 καὶ
1383 534 1436 587 τοῖς

283 615 480 689 ηὔτομοληκὸσι
498 620 560 689 πρὸς
579 627 644 687 σφᾶς
665 616 780 688 δοθῆναι
798 616 862 679 ml„
881 625 968 685 atque
984 624 1046 669 erat
1062 619 1179 668 fortasse
1195 614 1270 680 apud
1286 613 1401 665 Livium
1418 628 1436 661 a

285 720 343 769 quo
360 703 483 769 plurima
499 704 551 754 Dio
566 703 687 768 sumpsit
704 703 734 753 in
755 700 940 754 describenda
960 698 1078 750 historia
1094 697 1265 762 reipublicae
1282 696 1388 747 liberae
1402 696 1441 756 (v.

284 785 410 836 Dieckm.
426 802 452 849 p.
468 784 518 847 63).
534 813 564 822 -
578 786 704 850 perfupis]
723 784 761 835 M.
778 782 947 834 PERIUCIS
960 778 1019 832 cod.
1031 808 1062 817 -
1074 779 1186 842 bonaque
1201 775 1375 839 redderentur]
1393 775 1438 837 B.;

286 865 351 915 tona
365 883 388 915 r.
405 866 444 916 M.
461 870 490 916 et
505 882 530 930 p.
540 864 879 928 -clipuitatem-patribua]
896 863 942 913 Sic
958 862 1052 913 locum
1069 860 1099 911 in
1116 858 1175 911 cod.
1192 862 1359 922 corruptum
1374 855 1439 918 (DI-

285 946 658 998 GNITATEMANTIREM
683 947 761 997 PRA
785 943 1134 1009 ElSENTIB·PATRIB
1145 945 1163 1004 ·)
1182 941 1252 991 bene
1276 936 1440 990 emendavit

284 1028 404 1077 Franck.
420 1031 456 1092 (p.
473 1027 546 1091 238);
561 1028 707 1090 dipaitatem
722 1033 779 1077 uate
795 1043 851 1076 rem
862 1025 995 1087 publicam
1003 1023 1152 1086 ponentibus
1162 1021 1279 1084 patribus
1290 1020 1328 1069 M.
1340 1034 1381 1083 p.;
1397 1019 1438 1068 at·-

283 1109 403 1168 pm'tatem
419 1109 550 1170 antiquam
563 1126 631 1170 prae
647 1125 671 1158 re
686 1107 821 1171 ferentibus
834 1105 954 1168 patribus
968 1107 998 1155 B.
1015 1132 1045 1145 ·-
1062 1106 1125 1167 lepor
1141 1132 1171 1141 -
1186 1102 1305 1166 conred-ul]
1323 1118 1348 1165 p.
1365 1100 1439 1150 idem

286 1187 408 1237 coniecit
423 1188 479 1254 M.3
496 1189 560 1250 tepea
574 1206 638 1251 quac
651 1187 814 1250 postulabant
833 1185 1054 1237 EOREOEPIT
1067 1185 1126 1235 cod.
1143 1184 1218 1234 unde
1235 1198 1301 1232 cum
1313 1183 1393 1231 Bern.
1409 1181 1440 1230 B.

286 1268 475 1332 scripserunt:
491 1270 519 1319 iu
536 1269 599 1331 lepee
615 1287 678 1331 quae
691 1268 855 1332 postulabant
870 1284 910 1317 eoa
925 1267 1035 1328 receptu
1051 1265 1099 1316 sed
1123 1266 1236 1326 recipere
1259 1264 1287 1312 iu
1304 1262 1370 1323 lcper
1390 1263 1441 1311 vix

287 1347 344 1400 dici
362 1366 438 1412 posse
455 1349 587 1416 videtur3
613 1367 702 1415 neque
727 1352 800 1401 enim
826 1365 892 1400 cum
915 1349 967 1398 hoc
984 1344 1174 1413 comparanda
1190 1351 1259 1396 sunt
1282 1344 1440 1405 reciperata

285 1428 444 1490 deditionem,
461 1432 500 1480 iue
517 1435 569 1480 etc.
587 1447 659 1494 quae
676 1430 749 1480 alius
766 1435 834 1480 sunt
850 1429 967 1494 generis.

294 1508 298 1513 ’
342 1518 372 1567 Β.
389 1513 491 1563 iuterim
503 1512 611 1575 miscere]
626 1512 670 1575 B.3
685 1510 858 1560 intermiscere
873 1524 915 1574 p.;
931 1509 972 1560 IN
985 1545 990 1558 .
1003 1545 1008 1558 .
1021 1545 1026 1558 .
1038 1507 1198 1559 MISGERE
1214 1504 1274 1557 cod.
1290 1532 1322 1544 -
1338 1521 1393 1553 cam
1408 1519 1440 1552 ce·

286 1603 374 1647 uatum
389 1594 493 1658 uideret]
511 1593 563 1657 M.;
587 1607 644 1641 cum
659 1592 687 1640 ia
703 1608 721 1640 a
739 1608 762 1641 a.
779 1591 838 1641 adu.
854 1607 936 1640 amaea
953 1588 1040 1639 Sullae
1056 1595 1121 1639 metu
1139 1589 1235 1639 Cinnae
1245 1603 1348 1636 eausam
1363 1600 1404 1649 p.;
1417 1590 1441 1634 et

291 1694 348 1727 cum
380 1681 466 1725 uenatu
481 1673 611 1724 uideretur
627 1677 678 1722 etc.
695 1676 731 1722 ut
746 1672 776 1721 in
793 1675 884 1733 textu,
901 1671 947 1736 B.;
964 1669 1053 1721 codex
1066 1673 1225 1733 corruptus.
1237 1696 1267 1704 -
1279 1673 1302 1716 et
1316 1666 1389 1730 clara]
1402 1665 1442 1715 M.

288 1758 381 1820 tepebat
397 1758 452 1821 M.;
476 1753 600 1816 detepelat
624 1768 768 1817 perperam
792 1750 869 1817 apud
893 1752 923 1801 B.
939 1780 970 1789 -
987 1752 1068 1816 XVI]
1090 1752 1136 1815 B.;
1160 1750 1252 1804 XV..
1268 1764 1293 1812 p.
1310 1747 1359 1811 qui
1375 1745 1441 1797 adn.

293 1855 349 1887 «aa
365 1833 687 1890 XVlautXV11r2-
704 1857 706 1862 >
767 1898 770 1905 Ι

348 2118 383 2172 A.
403 2114 515 2171 Nolani
528 2145 542 2155 -
557 2114 590 2170 iu
608 2112 791 2187 deditionem]
804 2112 888 2168 Haec
902 2113 972 2168 alibi
988 2131 1046 2168 non
1062 2112 1231 2167 traduntur.
1245 2110 1357 2165 Contra
1370 2110 1437 2164 omi·

293 2208 334 2262 sit
353 2206 527 2260 Licinianus
547 2221 622 2274 quae
636 2205 715 2258 inter
734 2203 890 2258 Metellum
904 2210 936 2258 et
955 2203 1105 2258 Samnites
1120 2208 1211 2256 antea
1225 2208 1313 2256 erant
1327 2206 1394 2254 acta
1407 2205 1439 2253 et

293 2295 438 2367 proelium
453 2311 519 2363 quo,
536 2299 602 2363 post
617 2292 732 2347 Metelli
751 2291 925 2359 discessum,
938 2292 1027 2346 huius
1041 2291 1159 2362 legatus
1172 2290 1309 2344 Plautius
1322 2308 1340 2343 a
1353 2287 1438 2342 Sam-

293 2384 406 2441 nitibus
417 2384 501 2438 fusus
512 2388 558 2437 est
567 2382 606 2452 (v.
616 2382 738 2435 Momm.
747 2400 772 2435 ο.
784 2400 822 2435 m.
833 2382 875 2447 Il,
886 2400 914 2452 p.
923 2382 1042 2453 309-10).
1056 2411 1085 2422 —
1091 2382 1247 2451 propresei]
1256 2382 1363 2450 inepte,
1374 2396 1442 2432 cum

236 2495 238 2498 ·
294 2491 352 2527 non
364 2473 482 2526 dicatur
492 2471 541 2525 ubi
554 2476 643 2525 antea
656 2470 762 2525 Nolani
775 2473 976 2525 constiterint.
990 2502 1023 2511 --
1034 2471 1154 2525 Marius
1166 2502 1196 2510 -
1211 2470 1243 2525 iu
1254 2466 1438 2540 deditionem]

294 2562 340 2616 Ex
358 2562 519 2631 Campania
535 2561 646 2615 transit
660 2560 834 2615 Licinianus
853 2561 890 2614 ad
909 2566 1060 2615 extremas
1079 2560 1222 2615 Umbriae
1242 2575 1318 2613 orae.
1332 2559 1439 2615 --Ser

295 2649 406 2724 uilium]
426 2651 564 2704 Pertzius
576 2654 665 2704 recte
685 2651 795 2704 conicit
814 2650 894 2704 hunc
912 2650 1004 2716 fuisse
1024 2650 1056 2703 P.
1076 2649 1235 2705 Servilium
1247 2648 1374 2714 Vanam,
1387 2647 1439 2716 qui

296 2745 399 2812 postea
417 2739 569 2794 Isauricus
588 2737 756 2809 appellatus
775 2744 821 2794 est
840 2738 959 2809 (dequo
978 2756 1006 2792 v.
1028 2737 1124 2809 Pauly
1139 2741 1175 2794 ll.
1194 2741 1230 2793 Ε.
1242 2753 1282 2804 vr,
1296 2736 1320 2804 1,
1341 2754 1367 2807 p.
1387 2735 1440 2788 118

294 2848 323 2884 n.
339 2830 396 2901 40).
412 2860 444 2869 -
458 2829 541 2899 apud
559 2828 650 2883 Arim.
669 2827 759 2898 fupat
775 2834 841 2901 etc]
862 2827 927 2882 Non
947 2828 984 2882 de
1003 2829 1131 2882 Arimini
1152 2827 1372 2898 expugnatione
1391 2824 1440 2879 hic

293 2920 404 2990 agitur,
424 2917 502 2988 quod
522 2917 662 2989 oppidum
682 2918 741 2970 iam
761 2922 831 2971 ante
851 2935 982 2988 pugnarn
1002 2918 1034 2971 in
1053 2915 1188 2970 Ianiculo
1207 2916 1316 2970 factam
1330 2917 1361 2968 in
1380 2913 1440 2967 Illa-

294 3009 448 3062 rianorum
467 3011 647 3078 potestatam
667 3012 801 3061 venerat.
815 3007 861 3059 Ex
874 3006 974 3061 verbis
989 3007 1136 3060 Liciniani
1151 3007 1245 3075 igitur
1260 3003 1440 3059 concluden-

294 3096 365 3149 dum
384 3100 439 3163 est,
458 3100 492 3148 ut
512 3099 598 3165 putat
611 3094 737 3148 Franck.
751 3094 789 3165 (p.
807 3095 881 3165 256),
896 3094 1054 3150 Servilium
1075 3112 1179 3150 rursus
1190 3095 1359 3147 Ariminum
1373 3094 1440 3147 Illa-

295 3187 389 3240 rianis
408 3186 522 3255 eripere
542 3183 681 3251 voluisse,
693 3184 744 3238 sed
764 3183 801 3238 ab
821 3185 927 3255 oppido
947 3184 1099 3255 repulsum
1119 3189 1150 3239 et
1168 3184 1306 3254 fugatum
1321 3200 1440 3238 asse.—

296 3292 368 3346 quos
387 3272 565 3347 corruperat]
578 3299 613 3320 :-
625 3291 697 3344 quos
715 3275 755 3329 ad
773 3291 859 3331 suam
877 3274 1052 3330 senitentiam
1068 3277 1250 3345 perdocuerat
1261 3275 1280 3327 i.
1294 3290 1318 3328 e.
1332 3272 1440 3343 quibus

296 3369 434 3420 suaserat
444 3369 477 3417 ut
488 3381 571 3417 arma
581 3363 733 3418 abicerent
743 3368 796 3417 aut
806 3364 843 3418 ad
854 3381 886 3418 se
897 3363 1131 3435 transfugerent.
1140 3366 1205 3418 Per.
1216 3364 1281 3418 Liv.
1291 3362 1423 3417 LXXIX
1434 3379 1440 3416 :

299 3454 394 3511 Cinna
404 3492 411 3508 .
422 3493 445 3508 ..
460 3456 629 3523 corruptum
647 3453 739 3523 Appii
753 3453 873 3510 Claudii
885 3454 1041 3508 accercitum
1055 3452 1089 3508 ia
1099 3455 1267 3523 potestatem
1280 3451 1394 3523 redepit
1405 3483 1441 3492 -

296 3546 426 3602 Senatus
442 3560 496 3613 per
514 3542 623 3597 Metelli
641 3544 691 3613 lep.
708 3575 741 3582 —
754 3540 900 3615 patribus]
915 3543 1037 3612 lamque
1049 3541 1086 3596 ad
1100 3542 1249 3597 Samnites
1265 3547 1295 3596 et
1307 3540 1441 3596 Nolanos

298 3634 434 3686 Arimino
453 3630 585 3687 redimus
605 3649 656 3703 per
676 3634 840 3686 transitum
860 3634 910 3702 qui
939 3631 1053 3686 nullam
1080 3631 1171 3686 habet
1202 3632 1260 3687 nisi
1282 3631 1441 3687 brevitatis

297 3721 602 3790 commendationem,
622 3724 642 3776 i.
662 3739 686 3777 e.
704 3740 784 3793 «que
798 3739 822 3791 »3
842 3721 895 3777 sed
908 3722 937 3775 id
951 3723 1083 3793 gravius,
1097 3722 1175 3792 quod
1189 3721 1286 3777 denuo
1305 3721 1440 3777 ordinem

297 3830 397 3867 rerum
408 3812 464 3865 hoc
475 3811 539 3866 loco
554 3812 762 3884 perturbatam
776 3814 940 3879 sentimus;
954 3830 1021 3867 curn
1035 3813 1114 3866 enirn
1128 3813 1281 3883 superiore
1295 3829 1360 3884 pag.
1375 3829 1440 3865 nar-

296 3907 396 3956 ratum
420 3903 460 3956 sit
483 3901 637 3956 Metellum
657 3903 687 3958 in
707 3904 872 3974 propinquo
891 3902 974 3957 urbis
993 3919 1066 3969 esse,
1085 3919 1164 3956 nuno
1183 3902 1220 3957 de
1238 3919 1273 3957 ea
1288 3902 1439 3973 legatione

297 3990 334 4044 ad
353 3995 492 4045 senatum
507 3989 660 4044 inducitur
675 4008 782 4059 sermo5
807 4008 882 4061 quae
897 3990 998 4061 procul
1012 3990 1102 4046 dubio
1126 3990 1253 4045 Romam
1267 3992 1352 4046 venit
1371 4007 1439 4045 curn

297 4079 438 4133 Metellus
450 4078 582 4133 nondum
593 4078 784 4150 Campaniam
800 4080 972 4150 reliquerat.
985 4112 1020 4120 --
1029 4082 1065 4135 de
1079 4079 1233 4153 uoluntate]
1244 4105 1277 4127 =
1291 4082 1326 4135 ele
1337 4083 1440 4151 poclu-

298 4167 402 4224 latisv⁴
414 4167 478 4223 llio.
497 4167 530 4222 di
548 4168 605 4222 Fit.
620 4167 688 4222 Im.
710 4187 737 4238 p.
759 4167 812 4222 ull
832 4167 898 4223 adn.
911 4200 943 4210 —
962 4168 995 4222 ia
1012 4185 1114 4239 pacem
1133 4168 1277 4242 vetituros]
1290 4194 1324 4217 =
1336 4185 1441 4240 pacem

297 4259 464 4326 accepturos
483 4274 511 4311 v.
529 4257 594 4312 Bia.
605 4256 639 4312 di
650 4258 707 4313 Fit.
718 4257 788 4312 ibid.
803 4290 831 4300 -
847 4258 990 4332 perfupis]
1001 4259 1145 4314 Romanis
1164 4260 1215 4329 qui
1234 4258 1271 4313 ad
1291 4258 1442 4314 Samnites

299 4347 494 4418 profugerant
513 4347 553 4418 (v.
564 4347 683 4401 Momm.
700 4348 718 4401 l.
733 4348 783 4419 m.)
802 4378 838 4390 -
856 4351 931 4403 baua
947 4347 1144 4421 redderentur]
1156 4367 1216 4403 non
1232 4348 1371 4420 praedam
1384 4348 1443 4403 for·

299 4441 391 4506 tasse,
406 4453 481 4505 quae
495 4438 560 4506 paci
574 4436 785 4507 impedimento
798 4455 862 4494 csse
877 4455 936 4493 non
956 4443 1083 4508 poterat,
1099 4438 1149 4494 sed
1163 4456 1253 4509 agros
1264 4438 1321 4494 sibi
1335 4443 1365 4494 et
1379 4454 1444 4509 per·
