3309 5167
661 347 821 407 ..29-

164 479 224 530 loco
239 482 309 542 (ann.
326 478 388 541 XV,
403 477 447 540 23)
469 477 670 530 confirmatur:
685 485 759 541 utque
783 478 960 530 Fortunarum
984 481 1075 544 effipia
1093 495 1187 529 aureae
1210 480 1237 529 in
1256 480 1319 529 solio

167 559 310 621 Capitulini
319 560 388 609 Iouis
398 558 549 609 locarentur.
559 561 628 609 -n'n
643 561 728 625 eaput]
741 560 780 610 M.
794 565 823 610 et
834 561 864 610 B.
874 576 881 626 3
897 562 1022 622 increpuit
1033 567 1056 610 et
1068 577 1093 625 p.
1104 560 1228 622 (INGRE
1240 597 1246 610 .
1259 597 1265 610 .
1279 562 1314 612 l'l'

163 638 241 702 cod),
253 655 326 704 quae
338 639 419 690 lectio
430 655 486 690 non
498 639 671 706 neglegenda
685 647 743 705 est3
753 642 853 702 sipnurn
863 642 989 691 inversum
999 647 1023 692 et
1034 641 1175 691 desolutum
1185 640 1315 693 Schmid-

164 720 231 771 tius.
244 748 274 757 -
285 721 326 769 dre
337 720 447 783 quodm
459 726 518 771 ante
536 720 607 771 ludos
619 722 666 783 qui
678 721 763 784 futuri
772 728 847 771 erant
858 758 882 772 ..
896 759 902 774 .
914 722 922 787 ]
940 722 1010 774 Cum
1028 722 1220 773 Dieckmanno
1235 729 1272 786 (p.
1283 721 1315 772 38

165 800 241 863 adn.)
266 807 363 851 notam
388 802 505 853 lacunae
530 807 592 866 post
615 808 689 852 erant
713 818 800 866 pono,
824 818 891 853 cum
916 818 1018 853 nomen
1042 802 1086 853 dei
1113 803 1143 853 in
1168 818 1252 866 quem
1272 801 1315 852 illi

164 880 226 931 ludi
243 879 404 932 celebrandi
423 880 531 932 fuerint
554 880 775 946 exspectandum
800 880 942 934 videatur.
966 883 1027 932 Iam
1043 881 1224 944 Schmidtius,
1249 898 1315 932 cum

164 959 412 1012 animadvertisset
427 964 490 1026 post
507 978 520 1009 u
531 967 588 1012 ante
600 979 614 1009 u
630 967 771 1025 quantum
788 962 912 1013 otiosum
935 967 1007 1013 esset
1024 982 1037 1009 e
1050 963 1097 1025 qui
1109 962 1195 1025 futuri
1206 968 1280 1010 erant
1293 982 1314 1022 »‚

164 1041 310 1106 proposuit
327 1061 340 1087 α
351 1040 392 1090 die
407 1057 458 1103 quo
471 1041 529 1104 (hic
545 1047 642 1093 autem
653 1042 840 1107 supplendum
860 1048 902 1093 est
917 1059 1018 1094 nomen
1033 1042 1077 1094 dei
1100 1043 1130 1092 iu
1151 1058 1234 1106 quem
1254 1041 1317 1091 ludi

164 1121 392 1182 celebrabantur)
408 1122 465 1171 ludi
478 1122 551 1172 sacri
563 1123 649 1185 futuri
662 1129 736 1172 erant
746 1142 770 1183 »,·
789 1140 816 1175 v.
832 1122 919 1174 etiam
936 1123 1055 1174 Francis.
1071 1122 1100 1186 (l.
1118 1139 1154 1172 m.
1165 1138 1191 1186 p.
1202 1122 1269 1184 239)
1285 1150 1316 1160 -

164 1208 221 1252 ante
244 1203 311 1253 inter
332 1203 365 1266 se]
383 1202 422 1267 133
438 1202 705 1255 ultramuros.
728 1230 759 1241 -
782 1204 876 1269 modu]
894 1206 932 1268 B„
956 1204 1005 1269 qui
1031 1205 1062 1255 in
1078 1202 1144 1255 adu.
1168 1203 1314 1254 coniciunt

163 1284 272 1347 mutuis3
288 1280 443 1333 muttoscod.
460 1288 489 1333 et
504 1299 530 1348 p.
546 1312 577 1321 -
592 1299 638 1334 nec
654 1271 760 1347 usq‘uam
776 1285 807 1334 de
822 1301 878 1348 rep.
895 1286 971 1351 app}
986 1285 1031 1336 Sic
1047 1285 1077 1335 iu
1094 1285 1188 1336 codice
1207 1287 1313 1351 perspi-

163 1378 215 1414 cue
231 1362 345 1428 legitur,
361 1379 452 1427 neque
466 1368 515 1427 est,
526 1363 656 1428 quamvis
668 1365 772 1415 mirum
784 1364 813 1415 id
825 1382 915 1431 genus
926 1365 1067 1417 scribendi
1079 1365 1222 1429 videatur,
1237 1367 1313 1432 quod

163 1443 328 1495 dubitemus
344 1442 378 1494 de
393 1444 513 1496 lectione
528 1450 580 1496 aut
591 1461 652 1497 eam
664 1450 815 1497 mutemus.
825 1447 947 1497 Franck.
964 1450 1001 1511 (p.
1015 1447 1073 1509 239)
1094 1464 1165 1497 «non
1174 1455 1312 1511 apparet»

163 1524 267 1589 inquit,
283 1542 339 1575 curn
362 1541 411 1575 non
428 1524 524 1576 denotet
539 1542 616 1576 unam
631 1529 751 1589 tenrporir
765 1533 887 1577 marwnto
902 1534 1096 1577 consummatam
1119 1529 1246 1589 adaucta,
1262 1534 1315 1580 tam

162 1607 246 1669 inepte
262 1606 317 1656 «de
332 1613 458 1669 repente»
481 1606 628 1658 adiunctum
649 1607 722 1658 babet
737 1624 815 1670 quam
829 1610 854 1658 si
868 1608 939 1657 dicas
967 1607 1067 1658 «subito
1089 1625 1138 1659 nan
1154 1609 1219 1658 vicit
1232 1630 1245 1655 s
1261 1626 1315 1671 pro

163 1704 191 1736 eo
204 1687 272 1748 quad
294 1692 329 1736 est
349 1686 448 1737 ‹mbito
463 1693 576 1737 mortuus
590 1692 661 1747 est·;
686 1693 773 1751 atque
794 1693 870 1739 recte
886 1686 983 1738 addit:
1006 1687 1068 1737 baec
1083 1688 1226 1750 similiaque
1248 1689 1314 1739 uitta

162 1768 251 1830 quibus
266 1767 327 1817 baec
348 1769 494 1830 frapmenta
508 1773 601 1819 scamnt
615 1769 715 1818 etiamsi
733 1768 846 1831 expetita
868 1770 946 1832 furca
968 1775 1051 1819 amn
1073 1785 1149 1831 usque
1172 1775 1313 1819 recurrent.

164 1847 284 1899 Frustra
300 1847 391 1913 igitur
406 1847 582 1904 Schmidtius
597 1848 716 1899 coniecit
732 1853 784 1900 aut
801 1848 868 1901 haec
884 1850 972 1901 verba
988 1849 1110 1915 glossam
1135 1865 1192 1900 esse
1212 1853 1265 1900 aut
1284 1849 1314 1899 in

163 1927 203 1979 eis
220 1928 308 1979 latere
324 1929 494 1980 sententiam
510 1928 688 1980 huiusmodi:
705 1946 782 1993 neque
798 1947 905 1992 mquam
920 1930 983 1980 tates
997 1936 1121 1993 serpentes
1136 1936 1211 1980 anna
1226 1947 1313 1992 appa

160 2015 268 2059 ruerant
283 2011 412 2069 ;t'rustra
427 2009 457 2059 B.
473 2009 503 2059 in
521 2008 586 2059 adn.
602 2009 743 2072 direpentes
758 2014 973 2074 proposuerunt.
990 2009 1023 2061 V.
1038 2026 1187 2080 comm:
1207 2008 1313 2073 aleauot]

163 2106 200 2155 p3
215 2089 321 2153 aliquod
335 2088 395 2140 cod.
411 2095 440 2141 et
456 2090 486 2141 B.
502 2117 533 2128 —
548 2091 654 2155 somam}
669 2091 766 2156 Bern.;
782 2091 907 2143 SOMNO
923 2089 983 2141 cod.
998 2118 1030 2128 -
1045 2090 1127 2140 decem
1141 2082 1202 2156 HS]
1219 2091 1268 2155 B.;
1284 2090 1314 2139 de

163 2168 274 2233 dapibus
289 2170 321 2220 P.
337 2174 366 2220 et
381 2185 422 2234 p.;
439 2169 469 2220 de
484 2169 591 2232 stipibus
606 2171 645 2221 M.
664 2172 723 2233 (ΒΕ
735 2207 741 2221 .
752 2207 758 2220 .
770 2171 814 2221 1Β.
832 2170 903 2233 cod.)
927 2199 957 2207 -υ
973 2170 1154 2234 sacrificatum]
1170 2171 1201 2219 B.

210 2252 241 2302 B.
255 2279 286 2288 -
301 2251 406 2315 Amata]
432 2250 608 2301 Froehnerus
629 2249 738 2315 (Putat.
759 2250 819 2303 Vol.
836 2251 889 2302 XV
906 2267 931 2314 p.
947 2250 1001 2312 302,
1023 2266 1098 2301 anno
1121 2251 1193 2310 1860)
1210 2249 1315 2300 Momm·

162 2348 235 2381 auus
256 2331 403 2396 -inquit
422 2360 452 2369 -
478 2333 570 2382 emate
592 2349 635 2381 «a
653 2339 765 2395 matre»,
789 2333 821 2384 G.
840 2331 877 2382 Η.
896 2332 974 2384 Perta
997 2332 1045 2381 «in
1064 2330 1168 2380 dearum
1187 2331 1286 2380 budam
1299 2352 1312 2377 »

162 2411 305 2463 Bonnenses
321 2432 334 2459 «
346 2431 364 2462 a
379 2418 436 2463 oute
445 2430 468 2463 »ε
484 2413 568 2475 itaque
584 2429 666 2463 omnes
679 2414 800 2475 ipsoram
816 2413 933 2463 uidentur
955 2411 1049 2464 Vestali
1057 2413 1154 2463 Aurata
1167 2428 1254 2462 nomen
1265 2429 1314 2462 esse

162 2497 201 2556 (v.
216 2492 324 2544 Preller
340 2492 375 2545 R.
392 2493 472 2556 Mptli.
488 2510 514 2558 p.
530 2494 645 2557 537).1n
661 2493 804 2545 codvero
820 2492 907 2558 (apud
924 2493 1069 2545 Pertzium
1093 2492 1124 2543 in
1148 2491 1212 2544 adn.
1229 2510 1255 2557 p.
1272 2493 1314 2555 10)

162 2574 277 2626 litterae
293 2575 452 2626 ΑΜΑΤΔΕ
468 2575 612 2640 perspicue
627 2579 793 2626 cernuntur.
809 2603 840 2611 -
858 2576 902 2625 Cn
922 2574 1028 2625 Mattius
1043 2603 1075 2611 -
1089 2574 1186 2639 metus]
1203 2573 1313 2624 Multas

162 2655 218 2709 viri
227 2654 303 2706 docti
314 2654 432 2720 ingressi
442 2660 510 2706 sunt
518 2655 580 2708 vias
591 2661 625 2707 ut
633 2656 807 2721 explicarent
814 2671 938 2720 quonam
949 2654 1031 2705 modo
1042 2654 1153 2720 rogatio
1163 2653 1313 2705 Saturnini

161 2741 198 2801 (a.
215 2753 242 2787 u.
256 2738 321 2800 651),
338 2752 396 2801 qua
411 2737 528 2789 Mallius
543 2737 573 2788 iu
590 2737 707 2789 exilium
732 2737 831 2803 pulsus
847 2743 892 2787 est
908 2741 947 2800 (v.
964 2741 1083 2799 comm),
1100 2736 1146 2787 hie
1170 2736 1246 2787 inter
1270 2752 1313 2787 res

162 2834 236 2883 quae
251 2815 362 2869 duobus
379 2817 461 2869 annis
477 2825 544 2869 ante
561 2818 726 2871 acciderunt
742 2824 1038 2870 commemorarentur.
1054 2820 1084 2869 B.
1097 2822 1212 2869 censent
1228 2816 1314 2881 epito-

162 2905 302 2951 meterem
317 2899 430 2951 nomine
446 2899 545 2962 Martii,
561 2899 637 2965 quod
654 2903 678 2952 ei
695 2905 757 2965 post
780 2900 974 2965 prodigiorum
1001 2899 1192 2951 narrationem
1213 2898 1313 2949 statim

161 2985 331 3044 occurrerat,
351 2979 509 3032 adductum
525 2996 583 3032 esse
607 2986 641 3032 ut
657 2981 801 3044 nonnulla,
826 2996 900 3045 quae
919 2979 1030 3031 duobus
1049 2984 1113 3045 post
1137 2978 1220 3029 annis
1236 2979 1312 3029 facta

161 3066 238 3124 suut,
255 3061 325 3112 falso
341 3061 387 3113 hic
404 3062 544 3126 insereret,
561 3067 648 3127 atque
664 3068 758 3113 totum
774 3062 868 3113 locum
878 3061 1037 3113 secludunt.
1055 3059 1220 3125 Madvigius
1235 3059 1265 3123 (l.
1276 3076 1313 3109 m.

160 3159 187 3207 p.
202 3141 299 3206 tenid
316 3149 431 3195 tantum
449 3148 537 3207 notat,
554 3160 612 3195 rem
621 3144 670 3196 vix
686 3143 848 3196 credibilem
860 3159 918 3194 esse
933 3142 1065 3195 Mallium
1076 3140 1171 3193 eodem
1183 3157 1257 3193 anno
1267 3140 1312 3191 sui

162 3223 328 3275 consulatus
343 3225 412 3291 (649)
428 3223 458 3276 in
475 3224 591 3276 exilium
608 3240 665 3276 esse
681 3224 803 3289 pulsum.
826 3223 1038 3275 Dieckmanuus
1054 3222 1176 3287 denique
1192 3221 1221 3272 in
1240 3238 1313 3286 prae·

162 3303 240 3355 clara
256 3320 308 3356 sua
325 3305 359 3355 de
373 3305 500 3356 fontibus
516 3305 655 3357 Liciniani
672 3305 870 3357 dissertatione
884 3310 921 3370 (p.
936 3306 968 3356 40
988 3310 1017 3356 et
1040 3309 1127 3369 seqq.)
1151 3309 1310 3369 temporum

162 3383 264 3435 erroris
280 3400 395 3436 causam
412 3386 453 3436 ita
469 3386 604 3450 explicat:
624 3387 741 3450 Capitari
754 3392 903 3449 palestram
919 3388 1011 3446 statim,
1035 3386 1107 3436 obde
1121 3386 1170 3436 illa
1193 3390 1312 3444 narrata,

162 3464 193 3516 de
211 3466 348 3530 Caepionis
362 3473 428 3517 sorte
451 3468 591 3529 reposuisse
606 3468 741 3519 secundum
760 3469 887 3521 Graeciam
903 3473 1036 3529 auctorem,
1047 3467 1202 3530 apudquem
1217 3473 1312 3517 rectum

161 3563 248 3597 rernm
262 3563 312 3610 per
325 3552 375 3596 tres
390 3564 469 3597 annos
485 3551 608 3612 (eas-50)
618 3555 747 3610 pestarsem
761 3549 877 3599 ordinem
891 3549 997 3611 fortasse
1008 3549 1123 3610 repperit
1137 3547 1186 3597 sibi
1200 3548 1255 3609 ipse
1263 3563 1312 3608 pa·

161 3645 219 3679 rum
235 3630 351 3690 emmaus,
368 3644 426 3678 oum
441 3629 486 3678 itte
502 3630 618 3681 Graecus
632 3635 722 3680 auctor
736 3630 781 3681 aix
796 3630 929 3679 annalium
944 3630 1097 3690 scriptarum
1112 3630 1210 3678 ratione
1225 3629 1311 3690 anpu-

160 3709 244 3759 lorum
259 3724 385 3758 annorum
400 3724 440 3758 res
453 3714 535 3771 pastae
548 3708 717 3771 explanarem
732 3710 759 3759 iu
769 3708 898 3759 scribendo
912 3715 996 3758 autem
1013 3724 1068 3757 eum
1080 3705 1199 3757 Latinum
1215 3723 1311 3769 quoque

159 3791 253 3853 fontem
267 3789 404 3851 inspexisse
419 3795 493 3851 atque
509 3789 567 3838 inde
580 3790 703 3852 prodipia
717 3790 766 3841 illa
781 3797 804 3839 et
812 3791 921 3853 sortasse
936 3789 992 3839 alia
1007 3805 1071 3851 quae
1087 3788 1123 3838 ad
1138 3804 1182 3837 aas
1192 3805 1240 3838 non
1250 3804 1311 3850 pcr-

160 3875 280 3920 oenerunt
295 3871 446 3920 narrationi
460 3871 608 3929 inseruisse,·
626 3871 669 3920 sed
683 3888 739 3921 cum
755 3868 876 3921 Latiam
891 3876 1020 3920 erectorem
1037 3872 1116 3931 tepere
1128 3874 1254 3931 perperat,
1273 3869 1311 3918 ai-

160 3950 225 4000 disse
240 3966 266 3999 se
275 3966 316 4000 res
330 3950 367 4000 ad
385 3950 536 4013 Caepionem
549 3952 699 4013 pertinentes
714 3952 767 4001 mm
783 3951 1040 4013 narrasse‚·eaquede
1051 3965 1130 3999 causa
1142 3950 1206 3999 leaeo
1217 3956 1312 3999 matum

160 4030 297 4095 addidisse,
314 4048 379 4094 quae
394 4032 426 4081 de
450 4031 542 4082 Mallia
557 4033 654 4094 sumpta
669 4032 787 4092 simmae,
811 4048 867 4082 curn
882 4048 931 4081 non
952 4032 1108 4094 perspreeret
1131 4030 1192 4080 baec
1215 4029 1313 4079 biennio

157 4112 285 4175 posterius
299 4128 348 4162 esse
362 4113 444 4175 facta.
460 4113 591 4163 Postremo
611 4113 725 4165 Granius
740 4112 776 4163 ad
787 4114 905 4176 priorem
920 4116 1012 4176 forrum
1028 4112 1120 4162 redisse
1131 4111 1313 4162 existimandus

158 4199 208 4249 ests
223 4209 284 4241 nam
300 4208 338 4254 ea,
355 4209 420 4254 quae
435 4199 581 4255 sequuntur,
595 4210 698 4244 rursum
708 4194 736 4243 in
747 4211 772 4243 a.
786 4196 839 4244 649
854 4197 914 4256 (105
925 4210 949 4242 a.
963 4193 1020 4255 (lle.)
1033 4194 1156 4243 incidunt.
1164 4193 1242 4254 Quae
1254 4191 1312 4256 qui·

160 4270 224 4323 dem
240 4271 336 4323 omnia
351 4272 435 4336 paulo
451 4272 601 4324 subtiliora
617 4278 646 4324 et
667 4272 821 4338 spinosiora
837 4272 980 4325 videntur.
991 4271 1138 4322 Sententia
1150 4275 1253 4333 nostra,
1269 4287 1312 4321 res

170 4359 202 4404 ta
218 4368 247 4404 se
263 4352 357 4404 habet.
374 4357 450 4404 Ante
466 4352 602 4420 prodigia,
619 4353 677 4405 iam
693 4353 835 4419 superiore
851 4354 961 4419 pagina,
979 4352 1061 4404 cuius
1075 4369 1109 4403 ne
1121 4353 1241 4404 verbum
1252 4353 1311 4415 qui-

161 4433 225 4486 dem
241 4433 322 4486 nobis
338 4439 439 4499 exstat,
456 4434 621 4487 Licinianus
644 4451 761 4500 poenam
785 4441 990 4487 memoraverat
1015 4450 1071 4499 qua
1097 4434 1196 4498 Caepio
1213 4432 1312 4483 statim
