3309 5167
743 647 850 723 LIB.
881 647 1080 723 XXVIII.
1103 719 1105 724 ,

413 897 485 964 not.
510 896 585 961 XII
603 916 642 1000 ν.)
662 915 741 980 pap.
768 896 816 961 30
834 917 881 979 p,
902 915 981 980 pap.
1010 897 1054 961 15
1078 899 1118 963 B.

346 1041 379 1107 A
414 1039 455 1105 de
479 1040 517 1105 P.
542 1038 691 1104 Lentulo
715 1037 874 1123 quierat
902 1040 1022 1104 consul
1050 1063 1127 1106 curn
1145 1043 1206 1107 On.
1231 1027 1387 1107 Domitio
1410 1062 1481 1105 non

413 1144 482 1211 fuit
505 1143 737 1211 omittendum
761 1194 769 1211 .
794 1166 876 1209 nam
900 1145 1012 1210 clarus
1044 1146 1100 1212 vir
1123 1145 1192 1213 fuit
1212 1152 1250 1212 et
1273 1170 1346 1211 rem
1370 1145 1482 1233 publi-

414 1276 491 1319 cam
514 1251 605 1318 iuvit
621 1303 629 1318 .
647 1251 679 1316 ei
702 1252 856 1339 praetori
871 1253 1004 1319 urbano
1020 1261 1159 1322 senatus
1182 1254 1342 1342 permisit
1359 1275 1481 1339 agrum

416 1362 633 1446 Campanum
656 1382 758 1445 quem
782 1380 921 1425 omnem
944 1359 1076 1447 privati
1099 1360 1331 1448 possidebant,
1349 1383 1481 1426 coeme-

413 1473 477 1554 ret,
501 1471 541 1533 ut
567 1465 727 1554 publicus
751 1466 850 1532 fieret
873 1518 881 1531 .
907 1472 941 1531 et
957 1490 1166 1554 possessores
1183 1468 1332 1534 Lentulo
1349 1489 1484 1534 conces·

416 1580 534 1641 serunt
557 1575 669 1662 pretia
686 1573 911 1640 constitueret
928 1625 935 1641 .
953 1597 1016 1640 nec
1032 1574 1160 1640 fefellit
1176 1575 1231 1642 vir
1246 1597 1383 1661 aequus,
1399 1596 1482 1639 nam

416 1686 515 1747 tanta
531 1679 770 1747 moderatione
782 1704 863 1747 usus
876 1687 936 1768 est,
951 1687 990 1747 ut
1002 1687 1036 1746 et
1060 1682 1109 1746 rei
1126 1682 1286 1769 publicae
1302 1680 1483 1748 commoda

416 1795 451 1854 et
474 1811 708 1876 possessorum
724 1794 923 1876 temperans
938 1839 1232 1857 ...........
1246 1789 1405 1875 iugerum
1422 1788 1484 1853 mi-

416 1896 465 1963 lia
493 1895 747 1983 quinquaginta
776 1902 946 1962 coemeret
971 1948 978 1964 .
1003 1920 1124 1983 agrum
1143 1949 1304 1965 .......
1332 1896 1483 1963 divisum

419 2054 503 2072 ....
529 2009 564 2069 ct
595 2026 673 2068 eum
700 2002 832 2068 indicto
848 2003 960 2091 pretio
980 2004 1111 2071 locavit
1136 2054 1143 2070 .
1168 2010 1202 2070 et
1229 2005 1340 2071 multo
1366 2005 1483 2091 plures

350 2115 380 2178 B
412 2134 514 2198 agros
530 2162 642 2178 .....
664 2111 907 2198 {praepositus
920 2111 1127 2198 reciperavit
1143 2110 1360 2197 formamque
1387 2133 1484 2197 agro

417 2242 494 2284 rum
517 2219 554 2283 in
577 2241 633 2283 aes
656 2217 803 2284 incisam
819 2217 863 2284 ad
886 2217 1073 2284 Libertatis
1089 2218 1196 2284 fixam
1213 2219 1363 2304 reliquit,
1380 2241 1483 2305 quam

347 2391 352 2400 ,
417 2331 536 2413 postea
564 2325 662 2394 Sulla
690 2325 845 2412 corrupit
862 2377 868 2391 .
887 2325 980 2389 idem
1004 2332 1122 2391 tamen
1138 2325 1254 2391 dotem
1278 2325 1372 2391 filiae
1389 2324 1484 2390 dedit

417 2431 576 2498 sestertia
598 2434 715 2500 XXV.
858 2517 860 2519 Ι

462 2542 595 2607 Verum
611 2538 779 2605 Antiochi
794 2540 989 2627 Epiphanis
1006 2563 1151 2627 regnum
1169 2548 1307 2608 senatus
1325 2542 1398 2608 filio
1414 2542 1484 2607 An-

418 2647 527 2714 tiochi
550 2646 725 2713 Antiocho
740 2669 847 2734 puero
868 2647 1039 2733 attribuit,
1057 2648 1117 2734 qui
1132 2649 1236 2736 paulo
1253 2656 1332 2737 post
1351 2650 1484 2737 εὐπάτωρ

420 2755 616 2843 appellatus
638 2760 690 2820 est
714 2804 722 2820 .
746 2754 783 2820 id
806 2756 983 2821 Demetrio
1019 2757 1154 2822 Seleuci
1188 2757 1262 2823 filio
1297 2758 1357 2843 qui
1385 2757 1484 2824 datus

415 2851 516 2931 obses
543 2889 563 2931 a
589 2869 689 2950 patre
715 2868 790 2928 erat
811 2863 946 2950 petenti
969 2863 1172 2950 denegabat,
1197 2888 1275 2930 cum
1298 2864 1360 2930 ille
1388 2888 1424 2931 se
1451 2871 1514 2930 et·

419 2971 603 3058 puerulum
630 2972 778 3036 Romam
802 2971 995 3036 venissest
1019 2977 1131 3039 aetate
1155 2971 1323 3038 maiorem
1346 2995 1419 3037 esse
1442 2971 1486 3039 ad

421 3101 528 3144 annos
544 3080 696 3146 XXIIII
715 3078 951 3166 praedicaret:
976 3078 1127 3166 patriam
1151 3079 1218 3145 sibi
1240 3079 1311 3145 iam
1337 3082 1485 3145 Romam

421 3179 685 3271 esse‚'senatum
707 3193 898 3273 parentem,
923 3177 1060 3251 etcum
1084 3185 1226 3251 haberet
1243 3237 1483 3255 ..........

360 3383 600 3391 ———-——-—-—-

393 3491 427 3540 A.
443 3487 474 3540 de
487 3490 521 3540 P.
535 3486 640 3540 statuto
650 3488 703 3554 qui]
717 3488 922 3553 suppleverunt
932 3489 963 3539 B.
974 3516 1006 3525 -
1023 3523 1029 3538 .
1041 3523 1047 3538 .
1059 3524 1065 3539 .
1077 3526 1083 3539 .
1099 3490 1132 3541 Ρ.
1143 3486 1263 3539 mutui
1273 3490 1319 3551 qui
1328 3507 1353 3554 p.
1367 3490 1495 3555 Vestigie

347 3570 465 3622 lacunae
481 3586 537 3620 non
554 3568 669 3621 suntin
688 3569 825 3634 principio
842 3569 995 3633 columnae,
1013 3570 1062 3621 ubi
1079 3569 1185 3634 legitur
1208 3576 1264 3619 erat
1279 3571 1379 3636 consut3
1403 3571 1494 3636 igitur

347 3650 378 3702 de
394 3652 427 3703 P.
444 3649 549 3701 &aaa
561 3651 607 3713 qui
621 3650 652 3700 in
668 3650 723 3701 fine
739 3650 890 3714 superioris
906 3650 1053 3702 columnae
1069 3650 1155 3701 fuisse
1171 3650 1341 3702 censendum
1358 3657 1408 3702 est.
1420 3680 1449 3689 —
1461 3655 1493 3718 et]

348 3732 438 3797 suppl.
453 3733 491 3795 B.,
509 3747 574 3783 nam
591 3732 621 3781 in
638 3729 698 3782 cod.
714 3731 837 3782 duarum
854 3731 1016 3782 litterarum
1033 3733 1156 3796 spatium
1174 3737 1224 3782 est.
1242 3760 1271 3770 -
1291 3734 1326 3798 ut]
1350 3735 1495 3798 proposuit

348 3829 390 3879 p.;
411 3818 434 3863 et
457 3810 516 3863 cod.
532 3841 564 3850 -
579 3813 729 3877 temperans]
754 3814 786 3862 B.
801 3828 867 3862 cum
883 3812 939 3876 M.;
963 3819 1115 3875 temperaret
1132 3829 1168 3876 p.
1185 3841 1215 3848 -
1230 3813 1347 3875 iuyerum
1362 3816 1446 3880 apros]
1464 3817 1494 3866 B.

347 3891 478 3956 Quinque
488 3907 587 3943 versus
595 3891 632 3942 ab
643 3891 745 3942 ultimo
755 3892 883 3957 proximi,
893 3892 942 3942 nbi
953 3893 984 3941 Β.
995 3892 1176 3943 coniecerunt
1186 3892 1272 3942 verba
1282 3893 1403 3957 raperem,
1415 3896 1494 3957 mitia,

348 3977 472 4031 coemeret,
481 3972 576 4021 indicto
584 3971 675 4033 pretio,
687 3971 785 4035 locavit,
799 3988 882 4034 apros,
893 3971 989 4021 mutili
1001 3977 1070 4021 sunt
1078 3988 1095 4022 a
1107 3969 1234 4036 margine
1245 3971 1396 4038 exteriore3
1408 3975 1494 4025 etiam

348 4052 378 4103 in
390 4052 520 4117 partibus
533 4067 629 4103 eorum
641 4050 740 4103 mediis
750 4052 904 4104 nonnullae
914 4051 1027 4103 litterae
1039 4051 1251 4118 desiderantur;
1268 4051 1298 4102 in
1310 4053 1364 4104 fine
1376 4056 1494 4105 extremi

348 4150 447 4188 versus
464 4134 555 4185 solum
572 4134 651 4185 AES.
666 4170 691 4185 ..
707 4134 770 4185 INC
787 4134 842 4199 legi
859 4139 957 4203 potest,
967 4134 1017 4184 ubi
1033 4135 1152 4185 fortasse
1169 4150 1383 4199 agnosceremus
1401 4152 1443 4186 aes
1457 4138 1493 4187 in·

349 4216 428 4266 caum
444 4221 496 4266 aut
511 4215 539 4265 in
555 4232 597 4264 aer
612 4216 726 4277 incisum,
744 4214 768 4264 si
785 4215 845 4266 fieri
862 4219 953 4279 posset
978 4222 1012 4265 ut
1029 4214 1075 4265 hio
1091 4213 1187 4266 eadem
1204 4220 1295 4265 essent
1312 4216 1397 4267 verba
1421 4234 1493 4282 quae

349 4295 433 4361 paulo
449 4301 511 4359 post
535 4295 576 4358 (in
603 4294 689 4346 tertio
713 4294 831 4347 alterius
855 4294 1002 4346 columnae
1026 4299 1120 4359 versu)
1146 4311 1245 4347 rursus
1264 4303 1435 4349 occurrunt.
1461 4299 1493 4351 V.

349 4393 448 4430 comm.
