3309 5167
615 699 722 773 LIB.
751 696 923 774 XXXV.
991 691 993 700 ’

274 952 344 1018 Fol.
375 951 445 1016 VII
465 972 504 1033 1.,
524 971 605 1035 pap.
631 950 677 1014 35
695 971 743 1033 p,
771 952 818 1013 23
842 950 882 1013 B.

203 1077 249 1145 A.
274 1077 388 1164 ipsum
411 1074 525 1140 facere
547 1074 616 1139 nisi
639 1073 730 1159 quod
746 1074 809 1138 illa
826 1072 1023 1141 suasissent.
1038 1072 1179 1159 placuit,
1197 1072 1234 1136 id
1250 1070 1342 1157 quod

274 1206 451 1270 nunquam
475 1184 571 1271 alias,
596 1206 658 1270 pro
683 1181 830 1268 collegio
866 1181 950 1267 quid
980 1181 1019 1244 in
1047 1180 1145 1246 libris
1175 1179 1341 1245 fatalibus

275 1292 442 1379 scriptum
455 1298 544 1357 esset
554 1292 671 1378 palam
688 1291 844 1357 recitare.
857 1290 1038 1354 constabat
1050 1287 1164 1354 notari
1177 1286 1339 1373 carmine,

275 1400 388 1465 Cinna
411 1422 537 1485 sexque
552 1398 702 1463 tribunis
718 1395 833 1484 patria
849 1395 968 1483 pulsis,
985 1395 1215 1481 tranquillum
1232 1394 1342 1461 otium

275 1514 309 1573 et
331 1506 551 1573 securitatem
576 1505 738 1572 futuram.

341 1610 504 1679 Referam
529 1611 722 1699 auspicium
747 1618 781 1676 et
805 1611 979 1698 superiore
1003 1634 1084 1675 casu
1116 1609 1226 1674 Mario
1251 1609 1344 1675 obla-

276 1729 361 1787 tum.
375 1742 467 1804 nam,
481 1742 559 1785 cum
584 1720 625 1783 de
650 1719 808 1784 conclavi
833 1718 972 1804 fugiens
996 1719 1160 1783 barbarus
1184 1722 1342 1803 apertum
1413 1791 1415 1798 .

276 1827 479 1913 reliquisset,
513 1849 667 1912 egressus
699 1825 796 1890 videt
827 1825 982 1910 asellum,
1016 1824 1106 1889 forte
1138 1822 1281 1889 obiectis
1312 1823 1344 1887 ei

275 1935 421 2023 pabulis,
447 1956 572 2019 aquam
595 1939 720 2020 petere.
745 1932 843 1997 Idem
875 1932 942 1997 sibi
972 1931 1125 2018 praecipi
1153 1937 1247 1995 ratus
1272 1953 1344 1995 ora-

276 2048 374 2109 verat
398 2048 436 2107 ut
460 2065 495 2106 se
519 2041 563 2107 ad
586 2063 681 2106 mare
705 2040 921 2126 deducerent,
947 2046 1049 2125 atque
1081 2040 1130 2104 ita
1155 2044 1320 2105 evaserat.

319 2152 354 2214 Is
367 2172 448 2235 ergo
461 2172 540 2214 cum
553 2148 650 2213 mille
663 2148 800 2213 circiter
816 2170 959 2213 numero
973 2147 1127 2212 collectis
1141 2147 1184 2211 ad
1196 2146 1344 2212 Cinnam

207 2260 248 2324 B.
275 2258 357 2325 navi
388 2256 548 2344 pervenit
589 2256 832 2321 Telamonem.
868 2254 1044 2341 profectus
1079 2278 1120 2319 ex
1142 2256 1147 2340 1
1170 2254 1344 2340 Hispania

277 2368 406 2442 Brutus
431 2364 601 2449 ceterique
625 2363 742 2428 exules
766 2362 809 2428 ad
833 2385 909 2427 eum
936 2362 1184 2428 confluxerunt.
1207 2367 1242 2426 et
1265 2384 1343 2426 cum

278 2472 442 2537 deformis
466 2471 589 2537 habitu
612 2478 646 2536 et
663 2472 758 2536 cultu
780 2470 823 2534 iis
848 2470 1024 2535 videretur
1040 2469 1099 2554 qui
1123 2492 1200 2534 eum
1224 2469 1345 2534 floren-

279 2587 348 2645 tem
372 2579 528 2646 victoriis
559 2584 696 2665 norant,
722 2578 982 2665 supplicemque
1005 2601 1040 2642 se
1064 2576 1223 2643 omnibus
1247 2577 1345 2663 quasi

278 2710 478 2775 oppressum
506 2689 549 2752 ab
580 2686 732 2752 inimicis
760 2686 1026 2769 commendaret,
1059 2708 1140 2750 mcx
1171 2686 1344 2770 legionem

277 2794 553 2861 voluntariorum
577 2794 790 2881 conscripsit,
825 2792 1022 2878 Cinnaeque
1046 2792 1192 2857 tradidit
1216 2792 1345 2856 milites

277 2908 312 2968 et
335 2902 510 2989 praecepit
535 2907 582 2988 ut,
608 2901 759 2967 Sertorio
786 2906 821 2966 et
850 2900 989 2987 Papirio
1021 2899 1172 2984 itemque
1199 2899 1345 2965 Milonio

277 3009 414 3075 traditis
439 3009 609 3075 exercitus
632 3009 798 3096 partibus,
824 3031 929 3094 quam
957 3006 1134 3073 celerrime
1159 3006 1202 3071 ad
1226 3008 1346 3071 urbem
1407 3011 1409 3014 ’

277 3117 420 3203 veniret,
446 3139 549 3202 quam
573 3117 743 3181 desertam
760 3115 904 3182 videret.
921 3115 1053 3181 Cinnae
1070 3137 1262 3179 successum
1279 3114 1345 3179 hoc

279 3230 330 3289 est
350 3246 373 3288 a
397 3223 572 3310 Pompei0,
603 3222 662 3309 qui
690 3224 719 3288 si
750 3229 912 3310 prompta
936 3222 1125 3308 voluntate,
1161 3228 1345 3306 antequam

278 3331 338 3396 ille
368 3332 484 3398 valere
512 3331 634 3418 coepit,
668 3353 740 3396 rem
771 3330 948 3419 publicam
972 3336 1165 3417 opportune
1189 3330 1347 3395 adiutum

279 3439 385 3504 vellet
408 3438 467 3524 ire,
494 3437 590 3503 facili
615 3437 754 3524 negotio
771 3461 849 3503 eum
866 3438 1099 3525 oppressisset.
1123 3437 1255 3503 interea
1271 3437 1347 3505 sub·

280 3552 431 3634 repserat
453 3546 583 3612 Marius
608 3544 645 3611 in
670 3544 862 3612 Ostiensem
886 3551 1034 3632 port-um,
1060 3545 1120 3611 ubi

253 3832 286 3881 A.
301 3829 446 3898 inmisceat]
462 3831 500 3880 M.
516 3829 654 3881 Flemisch
672 3830 699 3893 (l.
711 3847 747 3880 m.
759 3847 784 3895 p.
798 3832 868 3896 267);
885 3831 1078 3882 EVASISSET
1090 3831 1161 3896 cod.;
1177 3832 1195 3880 i.
1211 3833 1230 3894 f.
1246 3848 1270 3881 n.
1287 3831 1354 3893 quod

203 3912 253 3962 illa
269 3912 381 3961 evasisset
399 3928 423 3975 p.
439 3928 453 3962 1
469 3913 512 3974 Β.;
528 3911 683 3961 Francken.
702 3911 730 3975 (l.
747 3928 783 3961 11.
800 3928 824 3975 p.
842 3913 900 3973 241)
915 3912 933 3962 i.
951 3913 970 3974 f.
986 3928 1010 3961 u.
1029 3913 1096 3973 quod
1111 3912 1226 3961 illaesum
1237 3912 1353 3971 1111111111

204 3991 236 4040 11
253 3992 307 4040 fine
323 3990 397 4040 euim
415 3990 565 4055 superioris
581 3990 700 4055 paginae
717 4006 792 4040 nunc
809 3989 970 4055 deperditae
986 3990 1090 4041 conicit
1106 3991 1191 4042 fuisse
1215 3997 1292 4041 censet
1314 4009 1353 4041 se-

205 4078 279 4120 natus
294 4088 343 4120 uon
358 4070 443 4121 uideri
458 4072 591 4133 quicquum
608 4078 698 4121 contra
713 4071 912 4133 rempublicam
931 4071 948 4122 i.
965 4088 987 4122 e.
1005 4078 1103 4122 senatus
1119 4080 1195 4122 censet
1205 4090 1254 4122 noa
1270 4073 1356 4122 videri

205 4153 339 4214 quicquum
362 4158 449 4201 cosdra
464 4169 543 4214 remp.
565 4153 648 4214 ipsum
665 4151 819 4217 (Octauium)
838 4154 922 4216 farere
937 4154 988 4202 nisi
1002 4154 1069 4214 quod
1086 4154 1201 4204 illaesum
1221 4158 1234 4216 (
1235 4153 1353 4216 0111111111)

205 4233 315 4282 misisset.
332 4261 362 4269 -
378 4231 490 4282 caruitne
501 4261 531 4269 —
542 4232 661 4301 tribunis]
685 4232 812 4283 restituit
834 4234 872 4283 M.
888 4261 919 4270 -
934 4234 1054 4298 referam]
1065 4235 1112 4298 B.;
1127 4241 1240 4296 repetam
1255 4236 1351 4299 Bern.;

114 4321 119 4326 “
202 4319 340 4376 praeterea
354 4313 496 4375 arupicium
511 4320 546 4364 est
561 4314 606 4373 M.
623 4314 795 4365 PETERAT
811 4312 872 4365 cod.
884 4340 916 4353 -
926 4314 956 4363 de
967 4314 1094 4382 conclavz']
1106 4313 1165 4365 cod.
1180 4321 1217 4376 (v.
1227 4321 1353 4381 comm.);

196 4393 319 4467 ‘coactive
335 4395 382 4459 B.;
398 4399 429 4445 at
445 4410 502 4445 non
520 4394 588 4445 benc
606 4392 712 4446 dicitur
729 4394 847 4447 conclave
861 4396 959 4458 sapiens
975 4394 1009 4446 de
1029 4412 1060 4447 eo
1077 4396 1126 4459 qui
1148 4396 1275 4447 inclusus
1290 4414 1354 4448 eva·

1154 4515 1172 4569 3
