3309 5167
786 271 948 329 ..60-

296 397 531 459 (Durium...
548 397 631 462 θοὰ),
647 397 693 447 dat
706 404 847 461 praecepto
863 397 990 464 Madvig.
1007 398 1036 462 (l.
1054 402 1108 462 m.)‚
1121 398 1277 464 quitatum
1294 401 1388 451 locum
1402 399 1445 452 ita

295 477 385 542 legere
402 477 498 527 malit:
515 479 637 527 contiones
652 477 739 527 inserit
754 484 778 527 et
803 479 849 529 dat
861 485 1002 541 praecepta
1015 484 1038 528 et
1054 481 1110 529 loca
1124 485 1217 530 menter
1239 481 1346 543 flumina
1362 487 1385 530 et
1400 481 1447 531 hoc

291 575 368 620 penite
383 559 439 608 atta
454 558 568 621 explieat
582 565 605 609 et
621 565 754 620 comparat
768 559 919 610 disserendo.
936 561 1055 610 Franck.
1064 564 1180 611 contra:
1196 566 1219 610 et
1235 561 1315 611 adr‘cit
1330 562 1444 625 ineerta,

294 638 349 688 toea
365 644 456 687 montes
471 639 584 700 flumina,
595 645 618 688 et
628 638 674 687 hoc
685 655 762 700 penus
778 645 880 689 arietet
892 639 980 701 culpat
990 641 1134 702 etconfntat
1150 640 1301 690 disserendo.
1317 669 1348 678 -
1364 648 1386 690 et
1395 641 1444 691 hoc

260 715 265 720 ’
291 735 368 780 penus
383 719 447 783 otio]
466 720 508 782 B.;
525 719 664 768 amovenda
682 736 705 782 p.
723 725 752 769 et
769 719 912 783 Liucker.;
928 737 1033 769 anraena
1044 720 1155 771 Keil.et
1166 720 1290 771 Dieckm.
1301 748 1333 761 -·
1344 721 1442 787 culpat]

295 814 319 861 p.
336 803 365 848 et
381 800 412 848 B.
422 815 487 848 oum
505 800 558 862 M.;
576 799 644 848 culto
655 800 810 862 (CULTAE
827 798 912 863 cod.)3
929 800 992 849 calte
1009 807 1151 863 comparat,
1163 800 1265 851 omisso
1282 800 1442 865 insequenti

295 896 308 926 «
320 883 342 927 et
355 897 368 926 a
384 877 492 930 Jordan
509 878 610 941 (Herm.
624 880 669 940 vl,
681 895 706 943 p.
720 880 770 929 210
786 896 802 929 a
811 878 1003 931 Dieckmanno
1015 878 1091 930 laud.
1103 898 1127 945 p.
1144 882 1160 930 6
1174 880 1259 943 adn.).
1268 882 1444 932 Franckenio

298 980 309 1003 α
322 967 455 1021 comparat
471 960 634 1010 die-serendo»
656 977 712 1011 non
723 960 840 1011 videtur
850 960 1042 1026 probandum:
1059 962 1107 1024 liic,
1124 961 1226 1027 inquit,
1237 964 1265 1011 in
1275 962 1370 1012 malam
1380 980 1445 1025 par·

295 1046 341 1089 tern
357 1040 458 1102 aliquid
474 1040 570 1090 dictum
584 1041 662 1103 fuerit
679 1057 772 1090 neumae
787 1048 836 1100 eat;
854 1044 1013 1103 comparatio
1028 1049 1118 1103 autern,
1134 1044 1187 1092 nisi
1200 1044 1378 1104 assenserat
1394 1060 1443 1092 non

293 1128 374 1183 potest
388 1128 453 1171 recte
468 1122 572 1182 institui,
588 1122 631 1170 aed
646 1122 692 1171 hoc
707 1121 905 1183 reprehendebat
915 1124 983 1185 quod
995 1122 1131 1174 Sallustius
1146 1126 1173 1172 in
1193 1122 1267 1175 catil.
1283 1131 1307 1173 et
1321 1124 1385 1174 atita·
1392 1140 1444 1186 per

297 1202 459 1262 dipreaaionea
474 1203 583 1251 elevaret
598 1207 642 1251 aut
658 1201 811 1263 deprimeret
827 1203 920 1252 ciuium
935 1219 1016 1251 morea
1031 1210 1054 1253 et
1068 1204 1096 1252 in
1110 1203 1244 1265 principer
1262 1204 1371 1254 homines
1388 1220 1445 1253 eve-

298 1288 350 1331 ctae
365 1282 475 1332 medium
490 1282 626 1332 excederet.
645 1284 684 1333 At
700 1282 785 1334 aliter
801 1282 883 1332 nobis
899 1282 986 1332 verba
1000 1304 1013 1329 «
1024 1290 1158 1346 caniparot
1174 1284 1317 1333 disserenda
1329 1305 1342 1331 »
1360 1284 1444 1335 inter-

297 1362 435 1426 pretanda
452 1367 509 1413 esse
520 1367 671 1424 censemus,
683 1379 805 1427 quorum
817 1363 846 1412 in
860 1363 951 1414 locum
963 1363 1034 1413 nihil
1048 1363 1078 1414 in
1092 1364 1195 1413 malam
1207 1370 1315 1428 partem
1334 1364 1444 1415 dietum
1507 1360 1509 1364 ⁸

297 1442 451 1507 exspectari
464 1449 563 1508 potest.
576 1443 739 1494 Licinianus
750 1444 824 1494 enim
837 1443 871 1494 de
883 1444 917 1494 iis
928 1450 1043 1495 tantum
1056 1445 1163 1509 cogitat
1180 1461 1252 1509 quae
1268 1464 1282 1492 (ι
1294 1463 1343 1495 nou
1356 1463 1444 1508 arpen-

297 1524 354 1573 tio»
370 1531 460 1587 vocat,
477 1525 638 1588 quibusque
654 1524 807 1575 Sallustius
823 1523 955 1590 indulget
966 1525 1051 1576 etiam
1064 1541 1128 1576 cum
1141 1525 1171 1575 in
1183 1526 1267 1576 rebus
1278 1525 1444 1577 enarrandis

296 1603 479 1667 (disserendo)
495 1605 540 1655 vel
557 1610 683 1669 tempora
701 1606 741 1655 vel
759 1621 850 1655 mores
866 1605 911 1656 vel
928 1604 1055 1656 homines
1066 1605 1141 1656 inter
1153 1622 1181 1656 se
1197 1611 1351 1671 comparat,
1368 1612 1401 1657 ut
1412 1606 1444 1657 in

299 1685 376 1734 Catil.
395 1684 447 1746 (54)
463 1684 607 1735 Caesarem
625 1690 654 1735 et
670 1684 813 1735 Catonern.
830 1684 959 1736 Ceterum
978 1685 1028 1734 hoc
1046 1684 1105 1734 loco
1122 1684 1212 1749 legere
1228 1685 1325 1735 malim
1340 1709 1349 1728 ‹
1365 1693 1387 1735 et
1398 1685 1445 1735 hoc

294 1782 371 1825 penus
386 1764 443 1813 alio
458 1770 481 1813 et
497 1762 585 1814 COLI
586 1763 609 1813 T
622 1770 645 1814 et
654 1770 788 1825 comparat
800 1764 950 1813 ainamundi).
962 1786 972 1806 ›
988 1793 1018 1802 -
1030 1764 1081 1829 ati]
1098 1764 1188 1828 suppl.
1203 1765 1250 1829 B.;
1266 1765 1352 1814 indico
1363 1766 1402 1815 M.
1412 1791 1444 1802 -

296 1861 373 1895 orare
383 1845 524 1910 coeperant]
543 1844 637 1894 Madv.
646 1845 676 1899 (l.
690 1860 726 1894 m.
741 1861 765 1908 p.
773 1844 859 1894 396511
876 1843 952 1907 adn.)
969 1845 1018 1908 qui
1035 1844 1139 1894 conicit
1156 1845 1241 1894 etiam
1254 1861 1344 1907 cepere
1361 1861 1445 1907 coepe·

296 1930 373 1987 rant(
387 1961 457 1975 .....
468 1925 665 1975 COGENERA
678 1925 765 1988 cod.);
780 1941 868 1974 oerum
884 1931 943 1974 tunc
955 1931 1092 1975 oraverant
1105 1924 1177 1975 Keil.
1187 1929 1197 1986 t
1200 1942 1225 1990 p.
1234 1926 1301 1989 642),
1312 1927 1346 1975 cf.
1359 1941 1383 1990 p.
1395 1925 1443 1975 36:

302 2027 312 2047 ‹
321 2012 348 2054 ut
352 2007 458 2067 patriae
465 2004 603 2055 subueniret
614 2012 957 2063 oraverant·,·coneenerant
965 2007 994 2055 Β.
1004 2035 1034 2043 -
1046 2006 1142 2056 tribuni
1152 2005 1242 2071 plebia]
1253 2021 1318 2072 cum
1327 2006 1366 2056 Μ.
1378 2022 1402 2070 p.
1414 2011 1444 2055 et

297 2087 326 2135 B.
338 2113 368 2124 -
382 2084 503 2150 Lepidus]
523 2102 547 2149 p.
563 2090 592 2135 et
608 2087 638 2135 B.
654 2085 759 2148 (IEPIS
768 2122 774 2136 .
784 2122 791 2135 .
800 2122 821 2136 ..
833 2084 904 2148 cod.)
920 2102 945 2136 v.
962 2102 1060 2135 comm.
1074 2114 1104 2123 ·-
1116 2086 1252 2151 adaemaet]
1270 2085 1309 2136 M.
1320 2087 1444 2136 correxit

297 2165 368 2227 (cod.
378 2166 599 2227 ADSENTAsr).
612 2194 642 2203 -
654 2166 757 2231 dicenti]
769 2182 794 2231 p.
805 2169 815 2227 (
825 2201 832 2214 .
841 2202 847 2216 .
857 2203 863 2215 .
872 2166 908 2216 ΤΙ
918 2164 989 2228 cod.)
997 2195 1027 2202 —
1036 2172 1058 2216 et
1068 2172 1148 2216 aetat
1158 2166 1249 2231 malm]
1260 2167 1297 2227 Β,
1308 2166 1359 2229 qui
1371 2164 1444 2216 adn:

297 2247 471 2308 epitomatorie
486 2247 571 2306 verba,
587 2253 612 2297 nt
623 2247 732 2307 uidetur,
747 2263 796 2296 nori
812 2247 900 2298 Grani
908 2266 918 2305 ,·
936 2263 961 2297 v.
978 2252 1077 2297 comm'.
1089 2275 1118 2284 -
1131 2253 1154 2297 et
1170 2247 1254 2311 hyan}
1268 2264 1281 2294 n
1293 2255 1316 2297 et
1327 2265 1341 2295 a
1353 2248 1384 2298 B.
1393 2245 1444 2297 ad-

298 2326 441 2378 diderunt.
453 2356 483 2365 -
494 2327 608 2390 adeptus]
626 2329 664 2378 M.
675 2344 681 2392 3
692 2364 698 2377 .
708 2365 714 2377 .
724 2364 729 2378 .
740 2363 777 2379 ...
794 2329 824 2378 B.
838 2356 867 2365 -
879 2327 1056 2391 pollicebatur]
1069 2327 1192 2378 correxit
1207 2328 1246 2378 M.
1259 2331 1285 2390 (.
1297 2363 1335 2378 ...
1349 2328 1444 2378 ΕΙΟΕ-

296 2409 424 2461 BATUR
443 2407 521 2471 cod).
532 2436 562 2446 -
573 2407 668 2459 Huius
684 2408 832 2462 columnae
848 2424 946 2473 margo
962 2408 1087 2459 exterior
1097 2408 1221 2460 avulsus
1237 2413 1279 2459 est
1293 2425 1319 2473 p.

303 2570 389 2579 .....-

352 2662 387 2715 Α.
401 2661 489 2716 condi
501 2665 616 2731 corpus]
631 2660 733 2716 Cicero
746 2660 793 2732 (de
805 2663 857 2731 lep.
876 2660 916 2726 ΙΙ,
935 2662 990 2732 22),
1004 2678 1071 2715 oum
1084 2677 1142 2731 quo
1156 2660 1307 2715 consentit
1326 2660 1442 2715 Plinius

298 2752 348 2821 (N.
364 2754 403 2806 H.
423 2751 489 2818 VII,
509 2753 564 2822 55),
584 2753 679 2822 ipsum
699 2750 810 2805 Sullam
833 2768 939 2822 corpus
967 2768 1054 2805 suum
1083 2748 1216 2805 comburi
1243 2749 1374 2805 voluisse
1394 2756 1441 2805 te-

299 2847 412 2895 statur:
426 2880 433 2895 .
447 2880 452 2894 .
464 2881 489 2895 ..
504 2841 637 2895 redditur
656 2843 748 2895 terrae
766 2855 873 2912 corpus
887 2871 920 2880 -
931 2843 1102 2910 pentemqne
1121 2838 1283 2895 Corneliam
1296 2855 1389 2909 usque
1401 2840 1443 2893 ad

298 2931 465 2986 memoriam
484 2934 614 2985 nostram
632 2933 687 2984 huc
705 2932 857 3000 sepultura
875 2928 984 2984 scimus
1002 2944 1060 2983 ease
1079 2945 1174 2982 usam.
1204 2930 1233 2984 0.
1256 2926 1352 2983 Marii
1368 2928 1443 2982 sitas

297 3020 436 3090 reliquias
455 3021 538 3089 apud
556 3019 696 3074 Anienem
714 3018 859 3088 dissipari
871 3018 958 3072 inurit
969 3020 1056 3075 Sulla
1074 3017 1171 3072 uictor.
1190 3019 1272 3081 Quod
1284 3018 1365 3071 haud
1382 3016 1443 3071 scio

298 3128 339 3164 an
358 3111 461 3165 timens
481 3126 515 3164 ne
527 3126 581 3163 sno
596 3109 711 3179 corpori
725 3109 819 3179 possit
833 3108 968 3172 occidere,
985 3107 1103 3177 primus
1122 3124 1136 3161 e
1146 3106 1281 3177 patriciis
1302 3105 1443 3162 Corneliis

298 3198 363 3268 ipni
380 3198 470 3252 votuit
488 3197 619 3251 cremari.
639 3196 694 3250 Sed
714 3195 825 3250 dehac
846 3214 878 3249 re
898 3196 1026 3249 fortasse
1046 3196 1140 3249 maior
1154 3193 1228 3248 fides
1243 3193 1368 3248 debetur
1388 3193 1443 3246 Li-

300 3289 417 3341 ciniano
436 3304 525 3356 quam
544 3285 689 3353 Ciceroni,
710 3302 746 3339 ex
765 3303 824 3355 quo
845 3285 963 3338 Plinius
982 3284 1091 3350 hausit,
1112 3301 1179 3337 cum
1199 3282 1290 3337 addat
1315 3283 1348 3336 L.
1369 3282 1442 3336 Phi·

298 3377 410 3446 lippum
421 3374 514 3429 fuisse
527 3375 577 3444 qui
598 3391 704 3445 corpus
717 3373 815 3428 Sullae
829 3372 1020 3427 cremandum
1040 3375 1139 3443 potius
1153 3378 1298 3440 censeret,
1311 3389 1347 3426 ne
1362 3370 1441 3425 idem

297 3469 322 3520 ei
343 3467 478 3520 eveniret
491 3463 569 3535 quod
583 3464 687 3517 Maria.
701 3466 789 3521 Sada
803 3463 881 3518 enim
900 3480 959 3518 non
978 3463 1004 3518 is
1022 3466 1085 3517 erut
1097 3462 1152 3533 qui
1161 3466 1271 3517 statum
1289 3479 1308 3516 α
1320 3479 1350 3517 se
1363 3478 1442 3516 crea·

299 3559 360 3611 tum
380 3560 438 3609 tam
458 3554 547 3609 debite
564 3557 734 3624 putaretne
752 3556 836 3608 rebus
852 3552 1054 3623 praesentibus
1067 3556 1125 3607 tam
1141 3555 1265 3623 paulurn
1280 3553 1442 3623 confideret,

298 3649 332 3699 nt
349 3645 496 3700 divinaret
513 3644 575 3698 suis
594 3643 708 3699 ossibus
725 3642 848 3698 similem
867 3645 971 3697 sortem
985 3642 1134 3697 imminere
1152 3645 1239 3713 atque
1251 3641 1346 3697 Marii
1363 3640 1442 3712 (Die-

298 3734 434 3788 ckmanu.
454 3752 481 3803 p.
500 3733 560 3804 85);
580 3733 751 3803 Philippum
771 3736 876 3786 contra
896 3732 1059 3801 periculum
1079 3732 1281 3802 praesensisse
1301 3735 1391 3801 atque
1404 3746 1441 3784 ea

298 3825 479 3878 auctoritate
499 3840 557 3893 qua
576 3828 647 3876 tuuc
666 3824 696 3875 in
716 3827 822 3875 senatu
838 3821 958 3875 valebat
979 3820 1092 3891 (Cicer.
1112 3823 1195 3875 Brut.
1214 3820 1258 3874 47.
1280 3820 1344 3888 173;
1369 3819 1440 3873 Sall.

298 3915 374 3970 Hist.
393 3914 429 3967 fr.
450 3914 474 3980 1,
494 3914 546 3981 55),
567 3912 626 3967 tale
646 3911 716 3982 quid
730 3913 861 3966 suasisse
874 3912 949 3966 satis
962 3910 1113 3982 probabile
1133 3916 1189 3966 est.
1209 3910 1347 3964 Addatur
1361 3908 1440 3980 quod

298 3995 452 4075 Appianas
471 4005 516 4072 (B.
532 4004 562 4059 0.
582 4002 646 4070 106)
665 4006 695 4054 et
714 4001 896 4055 Plutarchus
914 4000 1000 4071 (salt.
1019 4001 1080 4071 38),
1106 4002 1157 4070 qui
1177 4006 1316 4054 accurate
1335 3998 1371 4054 de
1390 3998 1441 4052 fu·

298 4110 369 4147 nere
389 4091 522 4161 tradunt,
536 4092 657 4145 omuino
673 4092 812 4160 ignorare
832 4089 974 4144 videntur
993 4088 1104 4143 Sullam
1120 4090 1216 4160 ipsum
1231 4106 1338 4159 eorpus
1352 4105 1441 4144 suum

300 4183 425 4236 cremari
445 4181 576 4237 iussisse.
595 4180 784 4241 Licinianum
803 4184 904 4232 autem
918 4190 971 4232 aut
986 4179 1050 4233 eius
1069 4184 1231 4242 auctorem,
1251 4178 1324 4248 ipsis
1338 4176 1441 4233 verbis

303 4271 417 4327 «condi
433 4288 493 4326 non
511 4269 644 4325 combrrri
661 4267 817 4336 noredano
841 4256 999 4339 possumus
1023 4267 1179 4339 vulgatam
1198 4266 1309 4321 famam
1329 4284 1441 4337 cogno-

298 4362 378 4418 visse
396 4365 487 4432 atque
506 4376 571 4415 eam
590 4358 727 4415 refellere
747 4357 886 4414 voluisse.
902 4389 929 4399 -
948 4360 982 4413 L.
1003 4355 1171 4430 Philippus]
1185 4356 1218 4411 L.
1228 4356 1359 4413 Marcius
1372 4355 1441 4411 Phi-
