3309 5167
769 728 875 804 LIB.
905 727 1078 804 XXXV.

425 978 498 1045 ror.
524 980 567 1043 II
585 1000 634 1062 a,
657 999 737 1064 pop.
764 978 942 1063 41-4210„
962 998 1044 1063 pop.
1070 980 1117 1042 37
1140 978 1182 1044 B.

358 1121 401 1189 A.
424 1121 596 1188 invidiose
619 1121 851 1207 exequebatur
865 1096 950 1185 satis
972 1119 1142 1184 exercitus
1158 1117 1195 1183 in
1211 1118 1325 1206 priore
1342 1118 1493 1186 fortuna.

426 1252 507 1295 nam
532 1234 715 1316 postquam
747 1226 950 1294 Nicomedes
974 1228 1177 1312 EuergeteS,
1204 1227 1263 1312 qni
1290 1232 1343 1291 est
1373 1227 1422 1291 ita
1447 1225 1496 1289 di-

427 1342 503 1401 ctus
519 1334 610 1421 quod
633 1335 751 1401 beatos
763 1339 903 1419 egentes
926 1332 1077 1399 faciebat
1101 1334 1295 1419 multosque
1319 1332 1495 1399 beneficiis

429 1442 499 1507 suis
524 1441 709 1527 alliciebat,
735 1464 805 1506 non
829 1439 899 1505 fuit
922 1463 991 1506 uno
1007 1440 1074 1505 isto
1096 1439 1170 1506 filio
1194 1446 1376 1506 contentus
1393 1463 1495 1526 quem

428 1572 470 1614 ex
494 1546 692 1613 Aristonica
716 1546 914 1632 legitimum
938 1552 1144 1633 procrearat,
1176 1546 1272 1612 tollit
1303 1570 1345 1611 ex
1376 1570 1498 1613 concu-

429 1655 512 1721 bina
543 1656 667 1739 Hagne
700 1651 871 1739 Cyzicena
902 1653 1050 1719 alterum
1081 1655 1247 1718 Socraten
1281 1653 1431 1741 nomine,
1457 1654 1499 1718 il-

429 1763 567 1847 lamque
592 1760 758 1846 Cyzicum
789 1783 867 1826 cum
892 1762 1033 1827 Socrate
1061 1766 1096 1825 et
1127 1760 1327 1847 quingentis
1355 1761 1499 1826 talentis

429 1869 579 1954 ablegat.
604 1871 692 1934 Sene
709 1875 855 1955 mortuo,
880 1868 1051 1933 incertum
1076 1891 1121 1932 an
1138 1892 1281 1956 venena
1299 1869 1499 1935 Nicomedis

430 1976 523 2041 filius
547 1975 699 2041 succedit
717 2026 1353 2044 .........................
1371 1975 1499 2042 amissa

429 2090 549 2171 matre,
575 2081 724 2148 sororem
753 2083 863 2169 patris
891 2083 987 2148 ducit
1016 2105 1156 2148 uxorem
1177 2135 1499 2151 .............

364 2194 403 2257 Β.
431 2240 701 2258 ...........
719 2195 798 2277 post
821 2196 959 2256 mortua
982 2197 1034 2255 est
1054 2199 1059 2276 Ι
1080 2191 1199 2255 morbo
1234 2214 1280 2255 an
1315 2191 1404 2277 dolo,
1429 2193 1501 2276 Ny-

430 2321 504 2364 sam
528 2296 726 2363 Ariarathis
751 2297 996 2385 Cappadocum
1012 2297 1104 2384 regis
1120 2298 1231 2362 filiam
1248 2299 1392 2386 accepit.
1409 2298 1501 2365 hanc

431 2408 588 2472 Socrates
612 2404 656 2469 ad
681 2404 811 2470 bellum
835 2411 955 2470 contra
979 2428 1095 2491 regem
1119 2404 1226 2470 refert
1249 2404 1393 2471 fratrem
1416 2405 1503 2470 inci-

432 2511 570 2577 tavisse.
596 2517 759 2597 exceptus
783 2534 803 2575 a
827 2534 907 2596 rege
930 2511 1114 2597 magnifice
1139 2512 1302 2578 Chrestus
1319 2513 1418 2599 quasi
1433 2536 1503 2578 me·

432 2618 681 2684 liorenomine
705 2617 891 2684 abeodem
915 2626 1067 2707 vocatus,
1097 2621 1246 2685 Romam
1278 2620 1320 2685 ad
1354 2642 1502 2705 regnum

433 2724 681 2813 expetendum
706 2724 835 2792 frustra
865 2726 1050 2815 profectus,
1076 2726 1242 2814 Cyzicum
1275 2727 1381 2794 redit:
1418 2750 1502 2793 nam

434 2833 545 2899 redire
568 2834 613 2900 ad
635 2857 751 2919 regem
775 2833 887 2921 pudor
910 2834 1144 2922 prohibuerat.
1173 2835 1233 2923 ibi,
1258 2834 1408 2902 avaritia
1430 2859 1503 2901 cae-

433 2941 511 3006 dem
534 2940 708 3027 suadente,
727 2942 840 3006 occisa
857 2964 980 3027 sorore,
999 2942 1260 3028 insequentibus
1277 2942 1504 3030 Philopatore

434 3049 538 3114 simul
562 3054 596 3113 et
620 3047 811 3134 Cyzicenis,
837 3050 1014 3115 Euboeam
1038 3050 1144 3138 venit,
1179 3049 1239 3116 ubi
1263 3050 1356 3138 apud
1380 3053 1506 3117 Corne-

434 3155 522 3221 lium
545 3155 717 3240 quendam
740 3155 892 3241 equitem
908 3159 1105 3222 Romanum
1122 3157 1322 3223 devertitur.
1340 3157 1434 3224 Satis
1450 3158 1506 3222 be-

434 3262 541 3348 nigne
564 3268 726 3349 exceptus
744 3313 909 3330 .......
924 3263 928 3269 ’
928 3315 1169 3332 ..........
1187 3264 1260 3330 eius
1291 3263 1364 3330 filio
1388 3264 1505 3331 adule-

437 3369 545 3435 scenti
562 3421 570 3436 .
589 3423 594 3432 .
614 3399 624 3436 e
640 3422 778 3437 ......
795 3372 924 3438 scelera
948 3371 1077 3438 discere
1095 3422 1262 3440 .......

411 3677 444 3724 Δ.
461 3676 561 3740 Margo
580 3675 702 3726 exterior
727 3674 812 3727 huius
836 3676 983 3727 columnae
1008 3675 1191 3740 desideratur,
1216 3692 1306 3741 neque
1330 3681 1426 3727 tamen
1450 3677 1515 3741 plns

363 3773 448 3826 quam
467 3757 511 3806 1-3
527 3756 639 3807 litterae
655 3757 770 3808 avulsae
787 3762 863 3807 sunt.
881 3775 905 3821 p.
916 3784 948 3797 -·
958 3760 1019 3808 eatis
1034 3759 1164 3823 exercitia]
1184 3775 1208 3822 p.
1225 3759 1271 3822 B.;
1288 3757 1392 3807 desunt
1408 3758 1438 3806 iu
1454 3756 1516 3807 cod.

364 3843 422 3888 tres
436 3838 539 3902 priores
556 3837 667 3889 litterae
683 3855 743 3890 voc.
758 3840 826 3889 sctis.
842 3838 954 3888 Keilius
965 3838 1069 3889 conicit
1080 3840 1145 3889 artic
1156 3840 1277 3888 exercitus
1288 3839 1334 3901 (cf.
1348 3856 1372 3902 p.
1382 3839 1414 3887 49
1425 3844 1516 3887 ceteros

365 3920 444 3968 omnir
459 3921 589 3982 captivos).
605 3920 676 3969 Sane
692 3919 860 3981 exequebatur
871 3920 931 3969 sine
949 3919 1112 3970 accusativo
1124 3919 1246 3969 maxime
1260 3917 1380 3969 dubium
1397 3923 1456 3982 est3
1467 3916 1516 3968 sed

365 4013 431 4048 cum
448 4014 559 4049 sensum
577 3999 753 4063 superiorum
770 4015 903 4050 versuum
921 3999 1003 4063 plane
1019 3999 1190 4063 ignoremuS,
1214 3997 1260 4048 hic
1277 3998 1347 4048 nihil
1373 3998 1443 4048 certi
1463 4002 1517 4047 sta·

365 4087 445 4132 tuere
461 4080 534 4131 licet.
551 4082 591 4131 De
607 4080 776 4131 Franckenii
792 4080 955 4130 coniectura
971 4085 1007 4143 (p.
1024 4081 1092 4142 zeh:
1106 4086 1227 4141 quantam
1245 4085 1364 4141 expertus
1385 4079 1412 4128 in
1425 4078 1517 4140 priore

367 4163 419 4212 vila
434 4164 564 4224 fortunam
581 4179 607 4212 v.
624 4177 722 4211 comm.
738 4187 769 4201 -
795 4161 939 4211 Nicomedes
956 4162 1096 4227 Everpeler]
1114 4160 1154 4211 sic
1176 4161 1270 4210 locum
1294 4164 1461 4223 corruptum
1485 4159 1517 4208 B.

367 4242 471 4306 optime
482 4241 712 4293 emendaverunt.
723 4269 754 4281 -
765 4244 812 4303 qui
820 4248 854 4290 eet
865 4243 903 4291 ita
915 4242 1003 4307 dictus]
1017 4243 1046 4291 Β.
1056 4257 1062 4304 3
1074 4257 1124 4292 nos
1135 4242 1272 4291 conicimus
1287 4263 1296 4283 e
1308 4241 1396 4290 rnerito
1409 4240 1490 4290 dictur
1503 4260 1516 4284 »

367 4322 610 4385 (aR1TAchTUS
626 4320 746 4384 cod.).-—
760 4321 850 4386 beator]
876 4323 924 4386 B.;
939 4348 971 4360 -
986 4322 1130 4386 melleaque]
1155 4322 1200 4385 B.;
1215 4322 1347 4383 multisque
1364 4336 1388 4384 p.
1406 4349 1436 4357 -
1452 4319 1515 4383 filio]
1585 4348 1588 4354 -

367 4404 406 4454 Μ.
423 4419 523 4465 -quem
533 4418 564 4453 ec
575 4402 730 4466 Aristonica]
743 4402 781 4452 M.
794 4430 823 4439 -
835 4400 929 4464 Hapne
941 4402 1072 4466 Cyzicena]
1084 4400 1124 4452 sic
1135 4407 1209 4452 reete
1222 4400 1333 4452 Keilius
1343 4404 1380 4464 (p.
1392 4399 1466 4463 643);
1482 4398 1518 4449 cf.
