3309 5167
807 333 967 394 ..64-

312 463 362 515 dit.
379 491 409 503 -
425 464 523 515 οὺίεσιῖο
537 465 562 513 ei
575 461 690 531 pabulis)
704 463 777 514 hauc
793 462 899 513 Partzii
916 462 1062 513 lectionem
1074 462 1199 527 praefero
1209 461 1323 512 lectioni
1340 463 1463 513 Bonuen

309 544 383 594 sium
400 544 500 596 αὸἰεοεὶε
511 542 633 608 cibariis3
649 542 749 594 melius
765 543 840 594 euim
855 542 988 608 congruit
999 543 1111 595 cumV.
1130 540 1248 592 Maximi
1265 542 1325 592 loco
1341 543 1372 605 (l,
1388 543 1410 604 5,
1422 544 1463 603 5):

309 624 491 674 aniruadaertit
505 624 572 672 eninr.
587 623 692 673 asellum
708 639 766 672 cum
780 623 805 671 ei
824 622 949 684 pabulum
964 622 1101 672 obiceretur
1117 626 1170 672 etc.
1187 621 1344 685 meliusque
1360 638 1465 686 praece·

308 704 388 755 denti
404 702 537 756 adverbio
555 705 663 766 «forte»
684 702 879 765 connectitur3
894 703 993 774 clitellis
1008 704 1090 753 Beru.
1104 730 1134 739 -
1150 701 1284 770 praecipi]
1295 703 1334 753 M.
1348 731 1378 739 -
1390 709 1464 765 atque

310 784 359 853 ita]
376 783 480 836 codicis
497 784 609 835 litteras
626 784 727 835 ArmX
737 789 789 834 aut
799 784 931 834 ACCITA
941 788 1019 846 (nam
1028 783 1162 834 ACClTA
1176 782 1266 846 primo
1278 783 1414 848 selegisse
1433 783 1463 832 in

312 866 476 915 membrana
486 881 512 928 p.
523 862 667 926 adfirmat)
678 864 714 914 ad
726 865 846 914 formam
858 864 1002 925 Ape-ITA
1020 864 1089 914 bene
1101 860 1209 924 redegit
1221 862 1331 913 Keilius
1342 866 1379 926 (p.
1390 864 1463 926 642);

311 962 342 994 ac
357 946 403 994 uix
417 946 464 1009 B.;
478 961 556 1007 eaque
570 945 615 993 uio
630 944 669 994 M.
685 944 746 1006 (cfr.
763 945 833 1008 App.
851 943 884 993 B.
898 941 925 994 Ο.
943 944 964 1001 1,
977 945 1027 1005 62).
1039 970 1070 982 -
1081 941 1196 1009 vinomo]
1213 940 1272 993 cod.
1289 944 1314 992 N
1317 943 1465 994 UMERIS.

311 1026 351 1088 De
367 1040 427 1075 voc.
443 1024 635 1090 aameroapud
653 1022 859 1074 Frontonianos
879 1040 906 1074 v.
925 1023 963 1072 M.
979 1022 1126 1073 Flemisch.
1143 1022 1172 1085 (Ι.
1188 1038 1224 1072 111.
1242 1040 1266 1086 p.
1283 1023 1355 1087 ἳ66);
1374 1022 1464 1072 Nurri-

312 1105 352 1153 dis
368 1105 448 1155 Bern.
459 1132 489 1142 -
507 1103 675 1170 Telamonem]
691 1103 795 1167 optime
811 1102 943 1155 restituit
960 1120 984 1167 p.
993 1104 1039 1165 (cf.
1051 1103 1127 1153 Plut.
1141 1101 1210 1153 Mar.
1221 1105 1272 1167 41);
1287 1104 1316 1152 Β.
1334 1102 1464 1154 lacunam

312 1189 415 1235 notant
431 1190 497 1234 ante
510 1203 523 1232 u
538 1185 666 1246 profectas
678 1201 698 1246 u,
708 1182 755 1233 sed
772 1183 802 1233 iu
819 1184 884 1233 adu.
896 1183 1000 1234 Pertzii
1017 1182 1211 1233 coniecturam
1221 1183 1359 1246 probant.
1375 1211 1405 1219 -
1421 1182 1465 1250 ex]

312 1265 371 1330 ipse
387 1265 497 1329 scrib03
511 1272 533 1315 et
548 1281 580 1315 cx
595 1265 636 1329 B.;
651 1271 674 1315 et
690 1281 716 1329 p.
732 1280 796 1314 eum
813 1263 874 1315 cod.

360 1347 391 1396 Β.
405 1345 560 1396 Exterioris
576 1345 714 1408 marginis
730 1344 881 1408 particula,
897 1344 989 1395 trium
1005 1346 1062 1396 fere
1076 1344 1237 1395 litterarum
1254 1344 1378 1409 spatium
1395 1360 1467 1394 com·

314 1424 446 1490 plectens,
473 1426 574 1476 avulsa
596 1430 646 1476 est.
670 1442 696 1489 p.
712 1452 743 1462 —
759 1424 894 1493 ararique]
908 1425 938 1475 M
955 1453 985 1463 -
999 1424 1184 1493 constrixerunt}
1200 1425 1249 1490 M.;
1274 1452 1306 1463 -
1325 1423 1370 1492 iis]
1387 1440 1419 1488 p.;
1435 1426 1466 1474 B.

314 1523 380 1557 cum
397 1507 435 1557 M.
451 1506 484 1555 ab
499 1507 550 1565 iim
566 1505 613 1556 sed
631 1510 659 1556 et
675 1507 708 1555 iis
724 1506 854 1555 videretur
870 1505 916 1555 hic
933 1506 1033 1556 melius
1050 1504 1158 1556 dicitur
1174 1522 1259 1569 quam
1276 1505 1308 1554 ab
1324 1507 1357 1555 iis
1370 1505 1420 1554 vid.
1436 1511 1466 1555 et

315 1588 345 1637 in
363 1589 415 1639 hoc
432 1587 611 1638 membranae
628 1588 687 1637 loco
703 1586 827 1651 spatium
845 1592 960 1636 tantum
977 1586 1071 1637 tribus
1087 1587 1189 1637 litteris
1206 1592 1309 1637 manet.
1326 1616 1355 1624 -
1367 1602 1468 1648 oppres

315 1667 382 1735 arem]
398 1683 463 1718 cum
481 1666 636 1717 Schmidtio
655 1667 684 1730 (l.
705 1670 752 1729 61.)
771 1667 879 1731 scrib03
895 1683 1030 1729 oppressus
1041 1668 1086 1730 Β.;
1106 1667 1205 1730 codex,
1223 1669 1245 1717 si
1263 1684 1289 1731 p.
1305 1667 1375 1717 bene
1391 1666 1468 1730 legit,

315 1765 451 1810 oppressus
467 1748 588 1812 praebet.
604 1748 709 1798 Utrum
725 1752 820 1797 tamen
837 1747 951 1797 librario
963 1763 999 1796 an
1012 1747 1064 1811 ipsi
1076 1747 1221 1798 Liciniano
1233 1747 1383 1799 debeamus
1395 1747 1468 1797 hanc

316 1829 442 1893 ineptam
462 1845 502 1879 ex
526 1829 632 1878 Graeco
656 1843 782 1878 sermone
798 1827 995 1888 imitationem,
1020 1828 1050 1877 id
1075 1827 1265 1878 iniudicatum
1282 1828 1418 1891 relinquo.
1435 1854 1468 1864 -

316 1908 531 1975 voluntariorum]
547 1909 585 1959 M.
601 1909 648 1973 B.;
664 1909 837 1958 voluntariam
853 1924 879 1971 p.
896 1936 924 1945 -
941 1914 964 1957 et
977 1909 1116 1970 praecepit
1132 1937 1160 1946 -
1178 1908 1232 1976 aba]
1248 1912 1326 1958 totus
1343 1908 1420 1957 locus
1435 1907 1467 1956 in

316 1988 376 2040 cod.
393 1993 453 2039 tam
469 1995 620 2053 corruptus
636 1995 687 2052 est,
704 1994 737 2039 ut
754 2005 844 2053 pauca
861 1993 976 2039 tantum
992 1990 1153 2053 (exquibus
1170 1989 1313 2053 perspicue
1325 1988 1467 2039 Mariano-

315 2086 380 2121 rum
396 2068 502 2121 ducum
517 2070 643 2131 uomina)
654 2069 710 2135 legi
725 2074 776 2121 aut
788 2070 901 2121 restitui
913 2069 1028 2134 possint.
1040 2069 1215 2120 Sententiam
1229 2069 1319 2135 igitur
1330 2069 1468 2119 iudicasse

318 2166 384 2201 cum
401 2152 431 2201 B.
448 2150 528 2202 nobis
543 2150 661 2202 suffecit.

374 2463 408 2514 A.
427 2460 493 2514 Hoc
512 2466 543 2514 et
562 2477 622 2531 seq.
644 2460 715 2515 folio
727 2478 778 2532 per
797 2467 941 2530 quattuor
961 2463 1119 2516 continuas
1136 2462 1260 2532 paginas
1273 2460 1310 2515 de
1329 2460 1408 2515 bello
1421 2461 1465 2515 ci-

319 2549 372 2603 vili
388 2550 522 2603 Mariano
533 2550 572 2621 (u.
583 2566 606 2603 o.
618 2549 689 2621 667),
710 2551 782 2617 sive,
794 2555 827 2603 ut
843 2549 894 2603 alii
913 2550 1057 2617 scribunt,
1071 2550 1246 2617 Octaviano,
1262 2557 1367 2604 narrat
1386 2551 1467 2605 Lici-

320 2641 436 2706 niauuS,
447 2641 496 2708 qui
508 2647 598 2693 antea
618 2647 648 2693 et
668 2639 813 2710 proelium
825 2642 855 2693 in
867 2642 925 2694 viis
939 2640 1021 2694 urbis
1035 2643 1114 2694 iuter
1125 2641 1262 2695 consules
1275 2642 1465 2695 commissum

319 2737 350 2783 et
362 2729 486 2782 Cinnam
497 2729 533 2782 ab
545 2728 669 2783 Octavio
681 2747 854 2800 oppressum
866 2736 896 2783 ct
908 2732 1087 2800 magistratu
1099 2749 1116 2784 a
1127 2736 1234 2785 senatu
1247 2732 1397 2800 privatum
1412 2748 1466 2785 ne-

237 2839 243 2848 ·
322 2821 452 2873 cessario
472 2825 768 2874 commemoraverat.
790 2819 836 2889 (V.
860 2819 1036 2873 Mommsen.
1057 2837 1082 2873 o.
1102 2838 1139 2873 m.
1163 2820 1203 2887 ll,
1228 2838 1253 2890 p.
1273 2819 1415 2891 uno-307).
1432 2852 1465 2862 -

319 2907 427 2981 ipsum]
437 2911 455 2964 i.
465 2925 490 2963 e.
504 2916 651 2963 senatum.
664 2940 695 2950 -
708 2909 768 2964 uisi
776 2911 856 2980 quod
865 2907 925 2981 illu]
939 2911 956 2963 i.
967 2926 991 2963 e.
1006 2912 1066 2963 uisi
1082 2909 1160 2980 quod
1174 2910 1322 2981 Sibyllina
1333 2912 1467 2964 carmina

321 3004 544 3069 praeceperant.
564 2997 636 3052 Cum
656 2998 738 3069 leges
757 2999 946 3070 reipublicae,
966 2990 1060 3053 Cinna
1079 3002 1259 3070 magistratu
1280 3005 1395 3053 remoto
1417 3006 1466 3053 at-

321 3105 377 3157 que
397 3104 434 3142 ex
460 3087 533 3142 urbe
558 3088 683 3158 expulso
711 3088 813 3158 procul
841 3088 930 3142 dubio
959 3088 1057 3142 laesae
1085 3094 1196 3156 essent,
1219 3095 1254 3142 ut
1273 3106 1321 3144 res
1340 3089 1468 3144 honesta

321 3178 555 3248 praescriptione
585 3183 749 3248 tegeretur,
777 3178 934 3233 consilium
955 3177 1029 3231 illud
1054 3178 1197 3245 divinum,
1218 3178 1297 3249 quod
1316 3197 1333 3233 a
1352 3178 1468 3233 Granio

322 3272 580 3333 commemoratur,
600 3268 631 3321 in
650 3266 736 3345 libris
755 3266 910 3337 Sybillinis
930 3269 1114 3337 exquisitum
1144 3267 1192 3322 vel
1220 3267 1325 3322 fictum
1345 3276 1400 3337 est,
1420 3269 1467 3322 id-

321 3371 378 3424 que
398 3373 451 3426 pro
470 3355 596 3426 collegio
614 3357 644 3427 (i.
666 3373 691 3410 e.
710 3355 739 3408 X
761 3358 905 3425 virorum)
933 3374 950 3410 a
978 3361 1084 3411 senatu
1105 3357 1337 3428 promulgatum.
1356 3357 1468 3424 Quam-

322 3462 411 3514 quam
431 3445 467 3499 de
487 3444 542 3499 hoc
566 3444 745 3500 «carmine»
770 3446 852 3501 solus
872 3446 1046 3500 Licinianus
1066 3448 1247 3501 mentionem
1265 3447 1364 3502 facere
1383 3446 1469 3502 vide-

323 3540 382 3601 tur,
402 3533 438 3588 cf.
458 3540 569 3602 tamen,
589 3539 622 3588 ut
642 3534 839 3590 Naumannus
866 3536 912 3606 (R.
935 3536 969 3591 G.
989 3534 1013 3602 I,
1033 3553 1060 3605 p.
1086 3534 1150 3606 547)
1179 3542 1297 3600 monet,
1318 3535 1410 3610 Cicer.
1432 3538 1469 3592 de

323 3624 382 3678 diu.
402 3623 486 3690 11,4.
506 3653 540 3664 -
561 3641 716 3694 uunquam
734 3622 819 3697 alias]
842 3623 885 3679 De
904 3625 960 3679 hoc
979 3623 1099 3679 dubitat
1127 3624 1210 3680 Diels
1238 3626 1354 3697 (sybill.
1382 3627 1468 3681 Blar-

324 3717 365 3768 ler
385 3732 411 3783 p.
433 3712 466 3767 17
485 3712 553 3770 adn.
572 3732 589 3768 a
608 3713 741 3767 Dieclrm.
766 3714 823 3768 adl.
844 3734 870 3785 p.
893 3715 927 3768 51
957 3714 1044 3785 adn).
1067 3745 1101 3755 —
1124 3732 1234 3786 sanaque
1257 3715 1391 3789 tribunis]
1417 3718 1468 3786 qui

322 3802 434 3856 Cinnae
453 3807 553 3872 partes
572 3804 667 3857 secuti
687 3808 774 3856 erant
785 3802 864 3874 (Lir.
876 3806 941 3858 Per.
955 3804 1007 3872 79).
1024 3836 1057 3843 -
1071 3804 1208 3872 Referam
1222 3805 1389 3875 aruspicium
1403 3804 1469 3879 eta]

323 3891 441 3947 Novum
461 3893 592 3945 occurrit
611 3892 815 3947 testimonium
836 3892 884 3947 vel
897 3894 1066 3963 imperitiae
1081 3893 1129 3947 vel
1149 3881 1357 3964 neglegentiae
1377 3896 1468 3965 epito-

324 3981 459 4047 matoris,
479 3982 528 4050 qui
549 3980 618 4035 dum
638 3980 787 4036 turnultus
807 3980 959 4036 Cinnanos
987 4000 1066 4036 anuo
1094 3981 1146 4036 667
1165 3982 1261 4037 factos
1289 3989 1401 4048 narrat,
1430 3983 1468 4037 ad

324 4070 488 4140 auspicium
508 4086 586 4123 anuo
614 4072 767 4140 superiore
795 4070 893 4125 Mario
921 4071 1085 4126 Minturnis
1104 4071 1237 4125 oblatum
1262 4072 1362 4126 subito
1382 4072 1468 4139 redit,

325 4158 413 4229 idque
432 4158 501 4212 huic
521 4158 585 4213 loco
605 4161 705 4230 inepte
724 4162 840 4217 inserit.
854 4161 987 4215 Eandem
1007 4162 1271 4228 narratiunculam,
1292 4161 1469 4231 quibusdam

313 4250 458 4315 'mutatis
478 4250 570 4302 etiam
590 4249 771 4304 Plutarchus
789 4250 880 4321 (Μαν.
900 4252 946 4321 38)
966 4255 995 4304 et
1007 4251 1068 4305 Val.
1089 4251 1238 4306 Maximus
1257 4252 1292 4320 (Ι,
1306 4254 1331 4320 5,
1351 4253 1378 4323 5)
1398 4250 1470 4306 affe-

324 4344 405 4391 runt.
426 4337 625 4408 -superiore
644 4337 723 4411 casu]
751 4356 787 4392 ex
815 4338 887 4410 fuga
906 4338 942 4393 ad
963 4357 1051 4410 quam
1076 4341 1228 4410 superiore
1252 4358 1330 4393 auno
1350 4348 1470 4395 coactus

311 4426 432 4481 ¹fuerat.
454 4458 484 4468 -
504 4428 539 4482 de
558 4420 696 4500 adiiciant]
712 4428 813 4499 supere
832 4431 867 4483 de
886 4435 1044 4500 corruptae
1058 4430 1235 4484 Latinitatis
1255 4436 1309 4484 est.
1323 4430 1365 4486 Ci'.
1379 4429 1469 4485 Mart.

1646 499 1654 528 ἐ
