3309 5167
668 325 827 384 ...11-

177 457 203 525 3,
221 458 259 529 4),
278 459 329 531 qui
348 464 454 514 narrat
472 458 656 514 Antiochum
676 458 812 530 Daphne,
828 460 1008 515 Antiochiae
1023 461 1051 515 in
1071 459 1222 525 suburbio,
1241 478 1322 536 pom7

177 563 230 617 pas
243 552 274 601 et
286 546 380 614 ludos,
394 546 501 619 quibus
515 548 546 603 P.
560 548 706 604 Aemilius
720 554 838 620 partam
853 549 1017 603 victoriam
1026 549 1197 621 Amphipoli
1211 567 1322 620 magno

178 643 324 707 apparatu
344 637 606 693 concelebraverat
624 638 665 709 (v.
684 637 750 693 Liv.
769 637 861 703 XLV,
880 639 935 710 32),
954 640 1069 693 imitari
1082 645 1121 707 et,
1134 641 1159 695 si
1174 639 1241 695 fieri
1260 657 1321 712 pos·

178 731 242 794 set,
262 726 418 798 splendore
443 744 585 799 superare
611 727 750 794 soluisse.
771 758 805 768 —
833 727 1003 791 Astarconc]
1032 730 1156 784 Asturco
1175 746 1267 800 equas
1285 732 1322 786 ab

177 816 341 884 Asiarchae,
360 816 526 888 Hispaniae
540 819 631 889 pente,
650 819 728 873 ande
746 817 1017 889 cenitappetlatas,
1031 818 1150 874 molliet
1165 822 1322 890 qlomerato

176 907 386 962 alternantium
405 924 526 963 cruram
536 923 629 978 passa
647 906 783 964 incedens
797 912 825 963 ct
836 923 972 963 sessorem
987 925 1046 963 non
1059 908 1223 964 succutiens
1235 913 1323 981 atque

106 1029 107 1036 κ
177 997 212 1050 ob
230 995 263 1051 id
281 1013 386 1068 maana
404 998 437 1053 in
452 997 547 1068 pretio
564 999 681 1055 habitas
693 998 732 1069 (v.
753 996 878 1053 Porcell.
899 997 1006 1054 De·Vit
1025 997 1119 1070 Lem).
1133 997 1206 1053 Cum
1220 1004 1321 1053 autem

106 1137 107 1140 ,
177 1092 320 1156 appareat
330 1087 529 1142 Asturconem
539 1086 597 1142 dici
607 1104 666 1143 non
677 1105 762 1159 posse
772 1086 857 1142 illum
865 1088 940 1142 ἵππον
954 1087 1044 1160 εὐτελῆ
1054 1092 1107 1142 aut
1117 1087 1190 1142 illud
1201 1088 1322 1161 ἱππὰριον

178 1171 282 1236 εὐτελές
301 1192 359 1245 quo
373 1179 453 1241 tunc,
465 1181 500 1229 ut
514 1175 639 1231 tradunt
652 1175 795 1247 Polybius
809 1175 842 1246 (l.
854 1175 906 1248 m.)
918 1180 949 1230 et
962 1174 1111 1231 Diodorus
1125 1175 1253 1245 (XXXI,
1269 1176 1320 1244 16),

177 1261 343 1318 Antiochus
363 1281 434 1319 usus
447 1265 495 1332 sit,
509 1269 600 1335 atque
614 1266 705 1320 etiam
718 1266 902 1320 contrarium
918 1263 1096 1336 significare,
1113 1265 1321 1321 existimamus

88 1407 96 1424 Ι
177 1348 233 1405 hoc
251 1351 428 1408 vocabulum
447 1355 607 1409 Astarccne
625 1353 813 1408 Licinianum
841 1355 873 1408 in
892 1355 1042 1425 epitomen
1062 1370 1146 1409 suam
1167 1354 1321 1425 integrum

69 1505 76 1520 ,
128 1425 132 1446 ¹
177 1441 370 1497 transtulisse
381 1443 524 1514 exaliqua
537 1443 619 1499 fonte
632 1444 683 1515 (an
695 1443 784 1499 Livio
794 1442 818 1515 l)
831 1442 881 1497 ubi
893 1444 923 1497 in
942 1442 1083 1497 Latinam
1099 1442 1232 1514 linguam
1249 1460 1321 1498 con-

178 1547 299 1589 versum
310 1537 390 1588 esset
400 1531 478 1603 quod
490 1550 562 1589 vere
575 1534 654 1604 apud
666 1532 827 1604 Polybium
841 1532 993 1604 legeretur
1005 1534 1024 1586 i.
1038 1550 1062 1587 e.
1073 1531 1183 1607 simeln
1193 1550 1247 1604 pro
1258 1533 1322 1587 εὐτε·

178 1619 224 1694 tn.
233 1620 414 1676 Antiochum
424 1624 505 1677 enim
514 1622 785 1694 splendidissimam
796 1622 878 1676 illam
889 1638 1026 1694 pompam
1037 1623 1168 1694 strigoso
1178 1622 1321 1678 manuulo

179 1708 358 1766 insidentem
373 1711 494 1784 duxisse
507 1713 559 1768 vix
571 1712 652 1768 credi
666 1717 780 1783 potest,
796 1729 856 1767 non
871 1717 953 1767 recte
968 1712 1062 1782 igitur
1076 1711 1196 1767 videtur
1210 1711 1246 1766 de
1265 1713 1320 1767 hac

178 1817 211 1872 re
221 1801 337 1871 opinari
347 1800 567 1857 Dieckmannus
576 1801 615 1873 (p.
627 1802 681 1875 17),
691 1818 759 1856 cum
769 1800 850 1855 dicat
860 1799 938 1872 apud
948 1800 1106 1872 Polybium
1116 1805 1147 1856 et
1157 1799 1320 1856 Diodorum

176 1888 358 1963 incensionis,
372 1907 438 1946 esse
450 1889 617 1962 legendum,
631 1908 699 1945 cum
712 1889 825 1961 aliquid
838 1889 998 1944 ridiculum
1009 1888 1207 1960 delAntiocho
1219 1888 1321 1946 afferri

179 1984 377 2049 expectemus.
393 2011 424 2020 -
435 1979 599 2054 Hierapoli]
613 2004 624 2029 u
641 1983 710 2036 arbe
727 1997 839 2035 sacra»
862 1980 893 2033 iu
913 1978 1000 2034 Coele
1027 1978 1130 2050 Syria;
1150 1981 1193 2034 sic
1206 1997 1224 2034 a
1237 1979 1320 2035 cultu

178 2066 249 2122 deae
269 2067 408 2124 Astartcs
427 2068 540 2137 urbem,
558 2070 606 2123 cui
625 2075 714 2143 antea
734 2069 884 2140 Bambyce
896 2086 1004 2124 nornen
1024 2074 1099 2138 erat,
1112 2086 1165 2123 rex
1180 2068 1320 2124 Seleucus

177 2155 301 2211 Nicator
320 2158 464 2229 appellari
485 2158 587 2214 voluit.
606 2158 780 2214 Licinianus
799 2163 909 2226 autem,
921 2175 987 2213 cum
1000 2157 1187 2227 Hierapolim
1207 2157 1321 2213 diceret

177 2245 281 2301 urbem
295 2264 360 2302 esse
375 2246 425 2301 nbi
440 2248 607 2303 Antiochus
620 2248 764 2323 templum
777 2247 891 2302 Dianae
902 2247 1125 2319 expoliavisset,
1140 2254 1193 2308 aut
1206 2265 1225 2301 a
1237 2247 1320 2303 fonte

177 2336 280 2411 suain
300 2354 432 2392 errorem
451 2337 592 2393 inductus
611 2343 666 2406 est,
685 2341 747 2403 aut,
766 2336 845 2409 quod
865 2334 1038 2392 credibilius
1056 2342 1113 2405 est,
1132 2338 1252 2391 incaute
1271 2353 1320 2394 res

177 2428 349 2487 summatim
368 2427 563 2499 perscribens,
592 2433 626 2482 ut
645 2427 724 2483 haud
751 2444 820 2482 raro
840 2429 868 2482 ei
886 2426 1004 2496 accidit,
1030 2426 1224 2498 Hierapolim,
1245 2444 1320 2497 quae

134 2530 143 2540 ·
177 2515 255 2587 apud
273 2533 361 2572 suum
379 2522 531 2572 auctorem
551 2513 582 2572 in
601 2517 659 2572 alio
688 2517 834 2572 orationis
856 2521 999 2572 contextu
1022 2515 1319 2585 commemorabatur,

177 2623 212 2660 ea
231 2606 303 2662 urbe
322 2606 456 2662 confudit
475 2607 525 2662 ubi
545 2608 713 2663 Antiochus
732 2613 917 2679 postremum
937 2606 1128 2678 sacrilegium
1150 2607 1319 2677 patravisse

176 2693 306 2749 videtur.
325 2695 370 2750 Ex
397 2696 480 2750 nullo
499 2696 558 2750 alio
586 2695 652 2750 loco
679 2700 804 2767 apparet
834 2695 1016 2750 Antiochum
1045 2693 1244 2764 expoliavisse
1266 2699 1320 2748 aut

177 2783 327 2855 expoliare
346 2786 528 2855 cogitavisse
547 2785 692 2855 templum
718 2784 990 2855 Hierapolitanum.
1019 2782 1163 2853 Polybius
1191 2781 1318 2853 (XXXI,

178 2875 210 2926 11
230 2872 266 2927 cf.
286 2891 352 2928 cum
372 2877 503 2930 Maccab.
522 2874 546 2940 I,
566 2876 592 2941 6,
612 2873 627 2927 1
647 2890 708 2943 sq.;
739 2873 797 2927 Ios.
817 2873 861 2927 Pl.
881 2876 949 2927 Ant.
968 2872 1038 2940 XII,
1064 2874 1089 2938 9,
1111 2873 1134 2938 l,
1153 2870 1234 2942 Sulp.
1253 2871 1320 2927 Sev.

176 2966 233 3017 chr.
253 2963 293 3029 ΙΙ,
312 2964 355 3029 22,
375 2963 498 3019 Hieron.
512 2965 552 3019 ad
570 2966 650 3019 Dan.
670 2965 715 3034 11)
727 2969 833 3017 narrat
846 2962 1038 3029 Antiochum,
1053 2968 1086 3015 ut
1102 2962 1257 3032 pecuniam
1273 2978 1319 3015 co·

176 3057 269 3123 geret,
289 3052 434 3123 templum
453 3052 567 3106 Dianae
579 3054 610 3106 in
630 3050 786 3123 Elymaide
799 3050 942 3106 invadere
956 3051 1159 3118 constituisse,
1174 3049 1235 3117 sed,
1252 3067 1319 3104 cum

176 3141 207 3194 in
226 3142 378 3212 regionem
405 3143 600 3212 pervenisset,
619 3158 670 3212 spe
690 3140 807 3196 consilii
835 3139 1008 3212 perficiendi
1035 3140 1147 3195 amissa
1173 3139 1222 3211 (cs.
1242 3138 1318 3211 App.

176 3232 244 3303 Syr.
263 3232 317 3303 66),
337 3231 414 3302 quod
435 3231 563 3298 barbari,
583 3233 633 3302 qui
653 3233 732 3287 circa
750 3249 818 3306 eum
838 3232 935 3286 locum
954 3229 1140 3298 habitabant,
1159 3230 1319 3301 quominus

176 3320 319 3392 templum
338 3320 466 3376 violaret
485 3319 715 3392 prohibuissent,
735 3322 903 3384 recessisse,
923 3324 1013 3391 atque
1027 3318 1134 3383 Tabae,
1147 3318 1269 3374 Persiae
1287 3319 1318 3373 in

177 3397 291 3480 oppido,
311 3412 375 3465 vita
394 3409 566 3466 decessisse.
584 3409 650 3464 Hoc
670 3410 846 3481 Elymaeum
877 3409 1021 3481 templum
1049 3407 1136 3480 quod,
1156 3407 1319 3463 secundum

177 3497 343 3569 Polybium,
361 3498 519 3567 Artemidi,
547 3499 709 3555 secundum
729 3500 907 3570 Appianum,
926 3491 1094 3570 Aphroditt'
1106 3514 1224 3552 sacrum
1243 3502 1318 3565 erat,

174 3586 252 3646 idem
272 3593 318 3642 est
336 3587 414 3658 quod
434 3589 562 3659 scriptor
577 3588 704 3643 alterius
717 3590 959 3644 Maccahaeorum
978 3586 1046 3641 libri
1060 3587 1097 3659 (1,
1112 3587 1158 3659 13)
1173 3586 1317 3657 templum

177 3673 296 3730 Naneae
315 3676 446 3747 appellat
464 3675 641 3747 (Babylonia
660 3676 723 3744 dea,
743 3675 855 3744 Narnia,
875 3675 953 3747 apud
971 3674 1130 3746 Polybium
1149 3675 1252 3730 eadem
1271 3680 1318 3730 est

177 3781 252 3834 quae
270 3764 406 3838 Ἄρτεμις,
425 3765 503 3836 apud
522 3767 692 3836 Appianum
711 3782 787 3837 quae
805 3765 953 3838 Ἀφροδίτη
971 3782 1000 3819 v.
1020 3764 1054 3819 E.
1073 3764 1176 3835 Meyer
1196 3766 1227 3819 in
1246 3767 1318 3820 Lea.

176 3855 288 3928 Mithri.
307 3854 452 3910 Roscheri
471 3874 498 3926 p.
521 3856 593 3926 eto),
613 3855 711 3926 ibique
730 3855 781 3910 ille
800 3861 905 3911 narrat
919 3854 992 3909 haec
1011 3854 1173 3910 accidisse:
1194 3856 1267 3912 Cane
1286 3855 1319 3910 in

176 3944 297 4006 Perside
316 3947 387 3999 esset
403 3946 469 3999 aaa
487 3944 549 4015 ipse
567 3944 758 4017 (Antiochus)
771 3948 883 4000 etcum
898 3944 962 4016 ipso
985 3944 1144 4000 immamus
1165 3944 1318 4012 accercitus,

175 4032 277 4094 cecidit
294 4032 327 4087 in
345 4033 451 4103 tempto
469 4035 591 4089 Naneae
609 4032 728 4089 consilio
747 4035 886 4105 deceptccs
904 4036 1087 4089 sacerdotnm
1102 4036 1233 4089 Naneae.
1252 4037 1317 4089 itte·

175 4120 322 4181 uincam
341 4138 375 4177 ea
400 4121 586 4178 habitaturas
603 4123 681 4178 oenit
698 4125 739 4178 ad
757 4126 850 4178 locam
873 4122 1032 4178 Antiochus
1051 4126 1078 4178 et
1095 4122 1185 4179 amici
1202 4122 1271 4190 eins,
1291 4125 1318 4178 et

175 4214 209 4265 nt
226 4211 368 4282 acciperet
379 4211 525 4282 pecunias
537 4214 645 4267 arcultas
658 4212 734 4268 dotis
745 4213 883 4281 nomine;
903 4229 1026 4283 cumane
1035 4212 1258 4283 proposuissent
1269 4228 1318 4266 eas

175 4303 335 4357 sacerdotes
351 4304 479 4370 Naneae,
498 4306 526 4357 et
542 4302 604 4374 ipse
622 4320 688 4359 cam
704 4303 811 4374 paucis
828 4303 977 4374 inpressas
994 4308 1067 4359 esset
1079 4303 1157 4359 intra
1176 4302 1317 4358 ambitam

173 4391 252 4461 jani,
261 4393 427 4479 cmusernnt
442 4395 588 4465 temptam,
599 4410 664 4486 carn
675 4392 811 4451 intrasset
819 4393 978 4450 Antiochus
980 4432 1043 4450 .......
1055 4392 1196 4449 mittentes
1205 4391 1318 4463 lapides
