3309 5167
819 337 967 397 ..44-

323 468 504 525 indiversus
519 471 621 540 parter
639 468 813 525 transibant.
835 501 869 510 -
888 469 1024 525 Metellus
1044 502 1074 510 —
1095 470 1231 544 decernit]
1249 470 1355 526 Fuisse
1368 469 1469 525 Metel-

324 559 385 613 lum
405 560 455 629 qui
475 560 505 612 iu
526 558 629 612 urbem
648 558 802 612 reduxerit
822 561 986 613 exercitum
1006 564 1096 629 atque
1123 562 1252 615 suaserit
1281 567 1315 614 ut
1342 561 1468 616 Crassus

323 648 441 719 legatus
461 648 497 701 ad
511 648 635 703 Cinnam
650 650 832 714 mitteretur,
847 667 864 702 a
878 648 942 703 solo
956 648 1114 704 Liciniano
1129 650 1300 721 accipimus.
1313 652 1468 723 Appianus

322 738 380 808 (69)
398 737 454 791 hoc
472 737 546 791 dicit
564 742 692 804 tantum,
712 737 828 808 legatos
848 737 885 792 ad
905 738 1029 793 Cinnam
1049 741 1157 793 missos
1177 756 1251 794 esse.
1272 772 1304 782 -
1333 740 1468 810 arpann

323 845 389 882 cum
408 824 530 899 Metello]
548 827 612 881 loco
632 829 867 898 corruptissimo,
887 830 937 898 qui
956 830 987 882 in
1002 828 1103 883 codice
1122 834 1177 898 est,
1197 835 1264 900 post
1283 829 1466 895 haeoverba‚

323 916 450 969 fortasse
470 914 614 968 traditum
634 921 699 968 erat
718 916 759 987 (v.
771 915 897 970 Franck.
918 934 945 987 p.
960 916 1025 986 243)
1040 916 1188 984 Crassum,
1204 935 1269 971 curn
1285 918 1322 971 ad
1342 918 1466 971 Cinnam

322 1005 517 1075 pervenisset,
538 1021 604 1057 curn
625 1004 757 1058 salutare
777 1004 929 1059 consulem
944 1023 1096 1061 recusasse
1115 1007 1155 1077 (v.
1172 1009 1243 1078 App.
1265 1008 1311 1078 69)
1326 1013 1415 1078 atque
1430 1007 1467 1061 ob

306 1079 388 1147 'eum
408 1110 470 1146 rem
489 1111 507 1146 a
526 1093 648 1148 Metello
668 1094 882 1164 reprehensum
901 1112 973 1151 esse.
989 1127 1021 1136 -
1036 1096 1169 1151 Fimbria
1182 1095 1241 1170 etc]
1262 1097 1345 1151 Nihil
1360 1097 1396 1152 de
1410 1097 1467 1151 hac

322 1200 422 1254 pugna
440 1184 611 1237 invenimus
629 1182 706 1253 apud
726 1191 843 1239 ceteros
862 1202 962 1238 rerum
979 1187 1148 1256 scriptores.
1177 1184 1249 1240 Cum
1270 1193 1379 1254 autem,
1399 1192 1467 1257 post

323 1290 358 1326 ea
377 1290 452 1342 quae
467 1271 553 1326 modo
566 1278 689 1326 narrata
708 1278 788 1336 sunt,
803 1273 998 1329 verisimilius
1012 1276 1263 1330 existimavisscm
1278 1276 1432 1331 Metellum
1448 1293 1467 1330 a

321 1361 455 1415 Fimbria
473 1378 560 1431 quum
576 1360 738 1415 Fimbriam
758 1380 776 1416 a
796 1362 918 1417 Metello
934 1370 980 1418 ter
995 1365 1107 1434 proelio
1120 1364 1271 1419 devictum
1286 1382 1360 1432 esse,
1374 1364 1466 1420 verba

323 1450 441 1517 codicis,
460 1452 504 1504 ita
522 1454 556 1503 ut
574 1468 680 1506 sensus
699 1452 879 1522 postulabat,
893 1454 1018 1507 mutavi.
1040 1453 1094 1508 Est
1108 1456 1157 1524 qui
1173 1456 1301 1509 coniciet
1319 1455 1396 1509 hanc
1414 1473 1467 1526 pu·

321 1557 411 1611 gnam
425 1556 492 1593 cum
506 1538 638 1593 Fimbria
650 1540 746 1594 mutto
759 1547 829 1595 ante
850 1541 1029 1612 legationem
1052 1542 1088 1596 ad
1112 1543 1236 1597 Cinnam
1260 1543 1370 1598 factam
1392 1561 1465 1613 esse,

323 1630 511 1683 Licinianum
529 1634 639 1698 cirtem,
653 1632 796 1706 temporis
815 1633 931 1686 ratione
951 1632 1071 1700 violata,
1091 1632 1138 1687 hic
1158 1650 1222 1688 eam
1242 1634 1465 1705 interposuisse.

365 1843 379 1875 Ι
