3309 5167
758 744 865 818 Llll.
896 744 1068 820 XXXV.
1090 794 1093 801 ·

411 994 474 1058 For
514 992 564 1059 VI
582 1014 620 1079 a,
643 1014 722 1078 pap.
748 994 857 1061 39-40
875 1016 922 1078 p,
945 1014 1023 1077 pap.
1050 998 1096 1058 33
1120 995 1160 1058 B.

345 1157 386 1224 A.
413 1206 487 1223 ....
512 1155 610 1221 Sulla
626 1154 782 1221 Athenas
813 1177 969 1221 reversus
986 1156 1023 1220 in
1040 1155 1215 1243 principes
1239 1154 1419 1221 seditionis
1443 1161 1476 1220 et

412 1262 534 1328 noxios
558 1260 806 1327 animadvertit
830 1260 1027 1349 violentius,
1054 1261 1265 1328 conservatis
1288 1261 1450 1347 reliquis.
1468 1243 1495 1327 .’

414 1419 750 1438 ................
764 1368 1478 1455 2................·..........quin-

413 1477 581 1564 quaginta
597 1476 695 1550 milia
712 1476 869 1565 peditum
886 1478 1108 1563 equitumque
1116 1501 1199 1557 ,cum
1212 1478 1366 1563 Dorylae
1384 1500 1480 1563 prae-

414 1585 525 1656 mittit
537 1590 571 1664 et
584 1584 769 1669 quadrigas
778 1584 984 1669 ‚essedasque
997 1586 1219 1671 septuaginta
1227 1584 1280 1655 ‚eis
1293 1584 1401 1664 addit,
1415 1585 1478 1666 Ar-

414 1693 553 1759 ohelaus
578 1692 694 1758 decem
710 1692 848 1757 circiter
863 1692 962 1757 milia
976 1745 1274 1760 ..............
1292 1693 1480 1778 collegerat

415 1807 449 1866 et
463 1851 743 1867 .............
767 1799 882 1886 longis
906 1800 1053 1866 navibus
1076 1801 1208 1866 insulas
1224 1801 1394 1866 vastabat.
1411 1800 1481 1887 pri-

414 1930 470 1973 mo
487 1907 542 1973 die
559 1907 672 1993 fugati
690 1906 827 1973 Pontici
843 1914 878 1972 et
894 1908 1059 2000 Archelai
1076 1908 1169 1973 filius
1186 1908 1327 1991 eccisus,
1345 1907 1478 1987 deinde,

415 2016 499 2101 fuga
523 2038 714 2103 suppressa,
739 2039 774 2080 se
801 2023 906 2081 noctu
930 2016 967 2080 in
991 2016 1150 2103 operibus
1168 2016 1403 2083 continebant.
1421 2016 1481 2080 sed

393 2108 560 2186 ¹ferocius
599 2110 749 2207 impetus
789 2121 922 2209 factae,
960 2128 994 2186 et
1028 2121 1158 2186 milites
1194 2122 1304 2186 nostri
1346 2124 1486 2208 castra!

348 2232 387 2295 Β.
412 2226 741 2316 capiunt,'hostium
766 2228 1026 2293 multitudinem
1054 2228 1344 2293 innumerabilem
1371 2228 1483 2293 conci-

415 2335 511 2422 dunt,
537 2335 687 2421 amplius
704 2338 810 2401 XXV
827 2336 925 2402 milia
943 2336 1088 2423 capiunt
1105 2359 1191 2422 quae
1207 2343 1327 2422 postea
1351 2338 1413 2402 sub
1429 2360 1484 2403 co-

415 2466 499 2509 rona
522 2442 714 2508 venierunt.
741 2444 932 2509 Archelaus
958 2445 1103 2530 parvulo
1119 2443 1261 2529 navigio
1279 2444 1482 2510 Chalcidem

416 2550 627 2636 deportatur.
645 2550 732 2635 regii
749 2551 807 2636 qui
824 2550 981 2615 Abderae
998 2550 1249 2637 praesidebant,
1267 2550 1378 2637 captis
1402 2551 1484 2616 Phi-

416 2660 532 2747 lippis,
557 2655 768 2725 dilabuntur.

460 2765 680 2854 Colloquium
705 2767 822 2832 Sullae
851 2771 885 2831 et
909 2765 1104 2831 Archelauo
1137 2766 1175 2830 in
1205 2766 1333 2831 Aulide
1357 2766 1425 2831 fuit
1448 2774 1485 2831 et

416 2876 634 2942 condiciones
657 2874 850 2961 impositae,
869 2873 898 2938 si
915 2897 974 2938 rex
991 2897 1110 2960 pacem
1136 2874 1265 2940 mallet.
1283 2874 1406 2960 quibus
1423 2874 1485 2939 ille

415 2984 556 3050 tandem
579 2981 706 3069 paruit.
730 3003 813 3045 nam
837 2986 872 3045 et
895 2980 1071 3046 Fimbriae
1101 2981 1289 3047 adventum
1318 2981 1482 3065 timebat,

416 3098 456 3157 ut
479 3114 560 3157 mox
584 3090 703 3156 ordine
726 3089 896 3172 indicab0,
911 3096 946 3154 et
962 3112 997 3154 se
1021 3090 1062 3154 de
1076 3089 1255 3155 conventis
1271 3089 1362 3153 nihil
1380 3112 1485 3156 nova-

417 3205 534 3263 turum
558 3198 656 3263 Sulla
679 3197 908 3284 praedixerat.
940 3195 1081 3261 fuerunt
1112 3203 1229 3261 autem
1254 3195 1337 3263 hae:
1356 3196 1486 3262 Arche-

418 3308 518 3372 lavus
543 3307 686 3370 classem
716 3305 868 3372 traderet
898 3305 1032 3389 Sullae,
1062 3328 1122 3370 rex
1158 3304 1280 3370 insulis
1305 3293 1503 3390 omnibus,

419 3414 514 3491 Asia,
539 3412 724 3503 Bithynia,
780 3411 784 3425 ⁸

362 3620 621 3631 ..-.—.—-——

392 3739 425 3787 A.
441 3736 541 3802 Margo
558 3735 643 3787 huius
654 3736 800 3786 columnae
811 3734 932 3784 exterior
949 3734 1065 3784 avulsus
1077 3740 1127 3797 est,
1140 3734 1181 3784 ita
1198 3739 1231 3784 ut
1243 3739 1299 3785 tres
1312 3737 1367 3786 fere
1381 3736 1494 3787 litterae

345 3817 547 3879 desiderentur,
565 3833 598 3881 p3
614 3815 685 3867 adde
702 3814 777 3880 quod
793 3815 918 3880 plerique
934 3831 1032 3865 versus
1048 3815 1090 3865 ita
1107 3820 1175 3865 sunt
1191 3817 1318 3880 corrupti
1336 3822 1368 3867 ut
1385 3820 1414 3867 Β.
1430 3834 1496 3867 sen-

345 3915 408 3949 sum
425 3898 519 3963 potius
535 3897 668 3948 hariolati
692 3897 750 3947 sint
774 3913 860 3960 quam
881 3897 1032 3948 verborum
1057 3901 1224 3947 contextum
1249 3898 1436 3962 interpretati.
1460 3929 1494 3937 -

347 4015 477 4029 .........
488 3980 542 4043 113,
553 4014 558 4027 .
569 4014 574 4026 .
584 4012 591 4028 .
601 4014 606 4027 .
618 3978 689 4028 Nus
698 3977 758 4027 cod.
770 4005 800 4013 -
813 3977 964 4026 conservatis
975 3977 1087 4040 reliquia]
1100 3976 1153 4039 Sic,
1161 3976 1317 4027 secundum
1330 3979 1494 4043 Appianum

346 4060 399 4122 (39)
415 4064 501 4123 atque
517 4064 550 4109 ut
567 4074 664 4109 sensus
680 4058 733 4107 loci
751 4072 860 4122 poscere
872 4057 993 4119 videtur,
1011 4057 1158 4107 lectionem
1173 4056 1231 4108 cod.
1241 4059 1495 4110 NECATISRELI-

313 4147 315 4151 '
346 4140 428 4201 QUIS
444 4139 499 4202 (bis
515 4144 581 4203 rep.)
597 4140 770 4203 correximus
786 4139 846 4201 (cfr.
863 4138 918 4189 Cic.
935 4138 965 4187 de
982 4137 1030 4201 Off.
1046 4139 1068 4201 1,
1082 4142 1118 4200 11,
1130 4139 1177 4188 35:
1190 4146 1272 4200 parta
1288 4146 1372 4190 autem
1383 4143 1496 4191 victoria

348 4221 516 4270 conservandi
529 4221 551 4269 ii
565 4221 611 4281 qui
625 4222 696 4284 etc.);
711 4220 804 4269 necatis
820 4219 925 4279 reliquia
940 4235 966 4282 p.
983 4222 1011 4268 et
1036 4220 1074 4283 B.;
1098 4235 1169 4282 quae
1185 4224 1345 4282 sequuntur
1368 4224 1378 4282 ζ
1381 4238 1405 4271 v.
1421 4221 1496 4284 5-10)

346 4301 516 4350 insanabilia
532 4299 667 4350 videntur
682 4305 719 4360 (v.
736 4303 847 4360 comm.)
859 4325 889 4338 —
905 4335 974 4348 .....
989 4299 1180 4363 quinquaqinta]
1197 4304 1263 4349 ante
1283 4319 1296 4347 «
1309 4303 1393 4362 quinq.
1405 4323 1415 4343 »
1437 4301 1496 4351 iam

347 4383 377 4432 B.
393 4380 528 4432 viderunt
544 4379 699 4444 supplenda
716 4395 773 4430 esse
795 4398 808 4427 «
831 4379 993 4428 Mithridates
1009 4380 1098 4439 copias
1113 4385 1187 4440 anper
1202 4386 1224 4427 el
1236 4416 1241 4428 .
1254 4416 1274 4428 ..
1287 4399 1299 4427 u
1318 4410 1346 4415 —
1367 4382 1494 4443 quiuqua-

345 4464 418 4523 pr'nta
429 4492 458 4499 -
473 4463 637 4527 equitumque]
654 4462 684 4511 B.
701 4459 855 4511 coniciunt.
872 4487 900 4496 -
918 4460 1071 4523 praemuni]
1089 4458 1148 4509 cod.
1159 4461 1234 4510 mittit
1249 4462 1287 4526 B,
1303 4488 1334 4499 —
1345 4462 1497 4528 erredaaqae]
