3309 5167
778 296 940 355 ..54-

280 429 451 487 Nicomedis
463 428 495 485 II
508 446 632 485 uxorem
646 428 739 484 fuisse
753 413 956 484 Aristonicum
970 427 1018 499 (cf.
1033 426 1086 482 Th.
1099 427 1234 483 Reinach
1247 445 1273 483 o.
1285 421 1432 500 m.p.'112‚

280 519 348 574 adn.
367 519 401 587 3;
419 517 472 575 sed
491 518 527 573 de
546 518 674 574 lectione
685 516 748 573 cod.
760 519 814 572 vix
826 516 958 572 dubitari
972 516 1091 588 potest).
1107 515 1180 570 Fuit
1192 516 1266 571 haec
1280 515 1430 579 saltatrix,

281 614 315 664 ut
326 609 539 665 contumeliose
550 607 623 663 dicit
633 607 826 663 Mithridates
837 606 1075 679 apud'lustinum
1087 606 1142 678 (38,
1153 607 1179 672 5,
1193 608 1244 676 10),
1255 609 1274 661 i.
1284 624 1309 660 e.
1318 606 1430 661 Graece

280 699 377 771 ἑταίρα.
391 730 422 740 -
435 700 575 757 Socraten
594 698 719 763 montiae]
740 698 776 751 cf.
796 697 870 751 Hor.
890 697 984 767 Epist.
1000 699 1021 762 I,
1037 697 1062 764 7,
1076 696 1129 750 55;
1147 696 1304 761 Voltcium,
1317 695 1432 751 nomine

280 792 411 855 Menam,
426 805 602 860 praeconem
622 794 677 843 etc.
698 787 741 841 De
760 788 815 842 hoc
834 786 956 842 Socrate
975 788 1089 841 mentio
1108 791 1155 841 est
1169 785 1247 857 apud
1262 786 1431 857 Appianum

279 877 395 947 (Miror.
415 878 466 945 103
487 877 596 932 Memn.
616 876 652 930 30
668 893 675 944 ;
695 876 771 931 Iust.
790 876 835 944 38,
854 876 879 944 5,
898 875 944 947 8),
965 874 1018 930 sed
1037 874 1133 929 multa
1156 892 1232 944 quae
1251 873 1288 928 de
1306 873 1429 928 Socrate

281 985 299 1020 a
317 967 475 1021 Liciniano
493 966 542 1020 hic
562 970 727 1020 narrantur
745 964 816 1020 alibi
836 982 984 1035 nusquam
1004 969 1167 1019 occurrunt
1185 965 1226 1033 (v.
1245 962 1388 1018 Reinach.
1404 981 1429 1017 ο.

280 1074 318 1110 m.
334 1074 360 1126 p.
377 1056 427 1109 112
440 1073 501 1126 seq.
516 1056 587 1125 117).
601 1087 634 1096 -
648 1071 714 1110 aene
727 1054 849 1127 mortuo]
862 1054 1022 1110 Nicomede
1035 1054 1066 1108 ΙΙ
1080 1056 1120 1125 (v.
1134 1054 1245 1125 supra).
1258 1085 1290 1093 —
1300 1069 1429 1108 sororem

278 1142 383 1217 patrie]
403 1144 520 1199 Gonicit
540 1143 724 1198 Reinachius
743 1144 780 1214 (c.
801 1161 840 1196 m.
861 1162 887 1214 p.
908 1144 959 1196 113
978 1142 1046 1197 adn.
1066 1143 1096 1213 5)
1114 1143 1192 1197 hanc
1204 1141 1296 1197 fuisse
1310 1142 1427 1212 Lysan-

281 1234 366 1288 dram
386 1234 511 1290 Prusiae
530 1234 562 1288 ΙΙ
581 1233 694 1301 filiam,
715 1238 787 1288 tunc
806 1234 966 1304 sexaginta
985 1234 1106 1287 circiter
1125 1249 1221 1286 annos
1240 1238 1343 1286 natam
1363 1250 1429 1286 mu-

282 1324 400 1381 lierem.

334 1414 366 1468 Β.
386 1416 503 1486 Nysam
517 1414 613 1470 Arior.
626 1432 649 1468 r.
661 1413 695 1487 fi]
711 1432 739 1469 v.
758 1431 857 1485 supra.
877 1413 978 1468 Huius
991 1415 1092 1485 Nysae
1102 1413 1183 1484 filius
1192 1410 1432 1483 Nicomeoeapm·

278 1503 307 1557 ci
324 1520 459 1573 romeam
485 1507 653 1575 reponeret,
674 1507 799 1575 quartae
816 1503 923 1572 fuisset
942 1503 1069 1558 eins-dem
1089 1502 1225 1570 montinio,
1245 1519 1264 1557 c
1284 1502 1430 1557 Romania

280 1596 423 1663 capulam
435 1610 524 1663 repeto
543 1597 590 1657 eet,
611 1593 682 1663 quio
698 1597 784 1663 poter
801 1593 876 1648 illud
890 1596 1056 1648 testamento
1066 1596 1175 1664 populo
1189 1597 1322 1650 Romano
1335 1592 1430 1648 dedie-

280 1686 322 1736 set
339 1682 387 1753 (cf.
406 1682 476 1737 Sall.
495 1682 513 1736 l.
533 1699 583 1751 m.;
598 1685 671 1754 App.
683 1683 784 1738 Mitior.
804 1687 821 1739 7
841 1684 871 1736 in
891 1682 947 1736 hac
966 1699 997 1737 re
1012 1700 1128 1737 errasse
1147 1683 1288 1755 videtur).
1302 1683 1428 1739 Franck.

281 1790 308 1844 p.
326 1773 387 1825 259.
398 1772 431 1826 V.
449 1771 592 1827 Reinach.
614 1791 639 1843 p.
655 1772 708 1826 318
728 1779 758 1826 et
778 1790 860 1842 seqq.
874 1805 906 1815 -
921 1776 997 1828 bunc
1017 1805 1051 1813 -
1064 1771 1239 1846 incitavisse]
1253 1774 1353 1845 Negat
1366 1773 1429 1826 Dic·

281 1861 447 1916 ckmannus
457 1863 496 1932 (p.
511 1857 560 1933 23)
572 1862 649 1915 hanc
662 1860 841 1915 Franckenii
857 1862 1059 1916 coniecturam
1075 1862 1258 1933 probandam
1272 1879 1344 1930 esse,
1359 1879 1427 1916 nam

282 1950 417 2020 quamvis
436 1952 575 2005 concedas
593 1954 645 2006 hoc
662 1951 727 2022 fieri
741 1950 871 2022 potuisse
883 1954 911 2020 (i.
926 1968 950 2005 c.
965 1951 1078 2022 Nysam
1098 1957 1203 2005 contra
1221 1950 1429 2006 Mithridatem

280 2038 471 2094 Nicomedem
491 2041 685 2112 incitavisse),
705 2044 802 2095 tomen
821 2041 948 2111 intellepi
964 2058 1023 2096 aton
1040 2045 1134 2111 potest
1151 2043 1294 2112 qnontodo
1314 2058 1390 2096 «reor
1403 2064 1428 2108 ι,

279 2145 332 2199 per
349 2146 386 2194 ce,
406 2133 493 2184 anteo
512 2130 668 2185 Nicomede
687 2133 801 2185 tantum
821 2134 1049 2198 commemorato,
1067 2131 1232 2201 eipnificcre
1241 2130 1336 2201 possit
1352 2130 1430 2185 ‹Mi-

282 2219 437 2274 thridatem
449 2242 475 2273 ›.
489 2219 550 2275 Nos
561 2226 666 2274 contra
677 2221 727 2275 rix
739 2220 943 2291 intellegimus
955 2220 1102 2290 quomodo
1118 2244 1129 2268 ‹
1142 2220 1268 2289 fratrem
1283 2243 1294 2270 ι
1313 2222 1344 2274 in
1356 2221 1430 2275 Bon·

169 2334 171 2339 .
236 2333 240 2340 ·
280 2310 420 2363 neusium
431 2308 559 2364 lectione
569 2308 740 2380 significare
753 2311 850 2381 possit
864 2310 1106 2365 «Nicomedem».
1118 2310 1217 2364 Etiam
1237 2310 1326 2364 lectio
1340 2310 1429 2363 Fran·

284 2397 382 2451 clrenii
403 2385 494 2469 paulo
511 2399 631 2468 quidem
650 2403 697 2454 est
717 2397 898 2469 impeditior,
917 2398 969 2454 sed
989 2401 1088 2453 minus
1106 2400 1258 2454 Bonnensi
1271 2399 1428 2470 ambigua;

283 2486 358 2541 adde
378 2486 456 2557 quod
476 2488 565 2542 rebus
584 2488 772 2559 BithyniciS,
792 2488 895 2559 quales
915 2488 967 2543 illo
987 2494 1120 2559 tempore
1140 2494 1235 2556 erant,
1255 2489 1362 2543 melius
1381 2506 1430 2542 re-

282 2576 418 2646 spondit;
438 2576 565 2647 denique
586 2579 720 2632 conicere
740 2594 898 2648 possumus
918 2584 984 2647 post
1008 2579 1073 2632 «cd
1088 2602 1099 2627 »
1115 2577 1261 2632 excidisse
1280 2578 1430 2633 ‹Mithri-

281 2666 416 2728 dotem»,
429 2670 520 2735 atque
530 2666 619 2720 huius
629 2667 758 2720 nominis
773 2667 803 2720 in
816 2666 912 2719 locum
924 2666 1159 2737 dittographiam
1170 2667 1251 2722 illam
1264 2668 1429 2738 irrepsisse.

247 2773 250 2778 ·
283 2784 316 2793 -
330 2769 349 2808 a
368 2753 442 2827 repe]
461 2756 479 2810 i.
500 2772 524 2808 e.
544 2754 731 2809 Mithridate.
746 2785 778 2795 -
798 2754 944 2828 ocreatus]
962 2774 1007 2827 gr.
1027 2757 1169 2829 Χρηστὸς,
1189 2757 1245 2810 hoc
1265 2774 1430 2828 cognomen

284 2844 312 2896 ei
331 2843 423 2898 fuisse
442 2850 594 2899 testantur
614 2846 705 2899 etiam
719 2844 874 2915 Appianas
887 2845 1003 2915 (Mithr.
1023 2846 1076 2913 10),
1090 2846 1231 2900 Memnon
1250 2846 1317 2916 (30),
1337 2845 1431 2900 iusti-

282 2949 339 2987 nus
358 2933 412 3005 (38,
431 2933 456 3001 5,
471 2935 509 3004 8).
525 2965 557 2974 -
571 2935 696 2988 Romam
707 2932 864 3005 profectus]
876 2939 911 2986 ut
928 2935 1063 2989 conicere
1077 2935 1155 3000 licet,
1166 2934 1297 3004 impulsu
1312 2934 1430 2989 Mithri-

283 3021 371 3090 datis,
391 3023 442 3092 qui
461 3029 567 3077 contra
585 3021 776 3077 Nicomedem
796 3024 826 3076 in
847 3023 1009 3094 Bithynia,
1029 3029 1133 3078 contra
1153 3020 1377 3079 Ariobarzanen
1398 3025 1430 3086 in

282 3110 467 3182 Cappadocia
486 3112 582 3166 multa
602 3111 783 3166 moliebatur
802 3112 842 3182 (v.
862 3113 982 3166 Momm.
1002 3114 1021 3166 l.
1043 3132 1081 3167 m.
1101 3113 1140 3166 Π.
1157 3105 1184 3184 p.
1203 3113 1270 3178 2793
1285 3113 1429 3168 Reinach.

282 3219 309 3272 p.
330 3203 401 3273 115).
420 3201 487 3256 Hoc
505 3202 618 3256 sactum
639 3191 844 3257 esse'videtur
864 3221 941 3256 auno
961 3221 988 3256 u.
1008 3204 1068 3271 663,
1085 3204 1254 3274 paulopost
1273 3203 1371 3258 Sullae
1391 3203 1430 3257 ab

282 3290 355 3344 Asia
374 3289 547 3345 discessum.
568 3290 629 3345 Res
648 3296 716 3344 acta
729 3297 776 3345 est
794 3292 826 3344 in
842 3297 948 3345 senatu
968 3291 1087 3350 (Memn.
1101 3293 1156 3360 30),
1176 3292 1226 3346 ubi
1246 3291 1430 3347 Hortensius

284 3396 404 3433 causam
423 3378 594 3434 Nicomedis
613 3378 746 3433 defendit
765 3379 835 3451 (Cic.
855 3382 890 3435 de
908 3384 981 3435 orat.
1000 3380 1057 3448 ΙΙΙ,
1076 3383 1119 3449 61,
1139 3381 1212 3453 229).
1228 3411 1260 3422 -
1275 3380 1370 3436 redire
1389 3383 1430 3436 ad

282 3468 385 3542 repem]
404 3470 421 3522 i.
442 3487 466 3524 e.
484 3469 522 3523 ad
541 3469 759 3538 Mithridatem,
780 3488 840 3525 non
860 3470 897 3524 ad
917 3470 1126 3539 Nicomedem,
1151 3488 1238 3541 quem
1270 3473 1430 3540 quominus

283 3560 380 3614 adiret
400 3577 459 3613 non
480 3559 574 3630 pudor
593 3558 645 3614 sed
665 3566 763 3614 metus
782 3560 924 3615 Socraten
939 3559 1092 3615 deterrere
1115 3560 1226 3614 debuit.
1242 3591 1275 3600 -
1289 3560 1431 3630 Philopa-

283 3647 349 3721 tore]
369 3648 539 3719 Gogncmen
559 3650 730 3719 Philopator
749 3648 903 3704 Nicomedi
923 3649 970 3702 III
990 3649 1082 3703 fuisse
1102 3655 1221 3704 constat
1241 3666 1277 3703 ex
1291 3648 1428 3720 Appiano

283 3738 396 3809 (Mirm.
409 3737 437 3809 7)
454 3745 544 3807 atque
560 3756 596 3791 ex
611 3740 715 3795 Chroo.
731 3741 802 3809 Cap.
821 3739 851 3794 G.
863 3738 887 3793 I.
898 3738 932 3795 G.
945 3739 994 3805 IV,
1005 3739 1075 3792 6855
1090 3738 1159 3809 d(v.
1174 3738 1317 3794 Reinach.
1331 3758 1357 3811 p.
1370 3741 1429 3808 113,

283 3826 350 3881 adn.
363 3828 400 3898 4).
415 3858 446 3867 -
463 3827 612 3881 Liciniani
626 3829 760 3883 narratio
773 3830 803 3882 in
818 3827 918 3882 codice
932 3828 1073 3882 mutilata
1088 3829 1174 3885 nobis
1193 3831 1346 3899 pervenit;
1359 3847 1429 3899 quo·

284 3917 370 3971 modo
396 3917 533 3972 Socrates
551 3918 714 3988 Bithyniae
734 3935 868 3988 regnum,
889 3918 1001 3972 auxilio
1021 3918 1216 3984 Mithridatis,
1227 3922 1426 3990 occupaverit,

283 4023 318 4061 ac
337 4007 425 4077 paulo
443 4013 511 4078 post
529 4026 546 4061 a
566 4007 709 4062 Romanis
729 4008 878 4079 expulsus,
893 4009 987 4078 ipsius
1001 4007 1189 4062 Mithridatis
1201 4009 1286 4063 iussu
1306 4009 1429 4064 interfe-
1469 4049 1473 4057 .

284 4101 351 4151 ctus
369 4098 410 4151 sit
428 4097 518 4169 (anno
531 4116 558 4151 u.
572 4097 644 4169 664),
658 4098 800 4168 proximis
823 4097 940 4167 paginis
954 4115 1033 4151 nunc
1053 4096 1216 4167 deperditis
1231 4096 1346 4152 dictum
1358 4115 1428 4153 esse

285 4187 503 4241 existimamus.

725 4331 983 4358 ..-...-4>---
