3309 5167
730 307 877 365 ...57-

231 437 319 504 VIII,
338 439 363 508 7,
383 439 432 494 19:
453 441 563 496 Romae
578 455 728 510 pupnasse
745 439 945 512 (elephantos)
964 442 1125 495 Fenestella
1144 440 1235 495 tradit
1248 440 1382 510 primum

233 529 366 585 omnium
386 530 418 585 in
436 529 519 596 circo,
540 529 661 586 Claudii
678 529 800 586 Pulchri
817 530 963 585 aedilitate
990 530 1094 595 curuli,
1123 534 1168 586 M.
1196 530 1323 586 Antorrio
1347 534 1381 586 A.

233 619 387 675 Postumio
405 636 476 675 coss.
495 636 574 675 anno
592 619 672 675 urbis
692 622 770 688 655,·
788 620 853 676 item
872 623 940 690 post
951 636 1046 675 aranos
1057 622 1118 675 XX
1129 622 1318 675 Lucullorum
1333 637 1383 674 ae-

233 707 347 764 dilitate
364 708 462 764 curuli
478 711 618 765 aduersus
637 713 745 766 tauros.
760 742 793 751 -
809 708 961 782 Claudius]
989 707 1019 763 (l.
1038 708 1179 764 Claudius
1208 709 1337 764 Pulcher
1356 727 1382 764 a.

235 798 292 853 655
309 798 467 876 aedilitate
486 800 581 855 curuli
601 800 722 856 functus
742 807 803 870 est;
824 793 861 855 de
879 799 959 856 ludis
973 817 1047 870 quos
1062 800 1092 854 in
1107 801 1185 854 circo
1200 801 1335 855 instituit
1354 818 1382 855 v.

239 887 442 943 Fenestellam
462 888 540 961 apud
561 889 636 944 Pliu.
658 890 674 947 l.
694 908 732 945 rn.

292 978 325 1032 B.
351 979 535 1035 Volaterrani
555 1011 590 1022 -
611 979 809 1054 conciderunt]
836 981 914 1034 Mira
933 979 1118 1036 obscuritate
1138 986 1169 1036 et
1192 982 1385 1052 neglegentia

237 1066 312 1122 haec
331 1069 431 1122 omnia
450 1068 530 1124 dicta
544 1075 615 1125 suut
628 1088 645 1124 a
657 1069 813 1124 Liciniano
833 1072 892 1140 qui,
912 1072 976 1125 sive
996 1069 1158 1126 brevitatis
1178 1071 1255 1126 male
1275 1071 1385 1125 studio·

236 1174 297 1225 sua,
318 1159 383 1213 sive
402 1160 480 1214 male
502 1159 681 1231 intellegens
700 1167 854 1214 auctorem
875 1177 911 1215 ex
930 1178 988 1230 quio
1002 1161 1188 1231 excerpebat,
1202 1160 1238 1216 de
1253 1160 1384 1216 Volater-

235 1248 320 1303 ranis
340 1248 417 1303 hanc
436 1250 537 1305 nescio
555 1251 651 1321 magis
664 1249 769 1304 falsam
785 1267 823 1305 an
837 1249 1008 1321 ambiguam
1022 1252 1225 1305 narrationem
1239 1250 1385 1304 exhibuit.

235 1336 310 1391 (lum
320 1337 512 1393 Volaterrani
523 1337 728 1394 Marianarum
740 1344 841 1394 essent
852 1340 992 1411 partium,
1003 1339 1086 1394 nullo
1096 1339 1183 1394 modo
1193 1341 1237 1394 eis
1247 1356 1385 1410 praeesse

235 1432 356 1498 poterat
375 1427 436 1482 dux
454 1445 472 1482 a
491 1427 573 1483 Sulla
593 1429 790 1503 praepositus.
810 1428 911 1499 Igitur
931 1435 994 1494 aut,
1015 1433 1052 1483 ut
1070 1430 1237 1483 arbitratur
1262 1428 1385 1482 Madvi-

236 1517 305 1587 gius
324 1517 363 1588 (ο.
382 1535 420 1571 m.
442 1536 468 1588 p.
488 1519 561 1590 401),
581 1524 643 1573 tam
662 1520 783 1589 ineptus
802 1524 833 1573 et
855 1518 966 1573 bardus
986 1518 1043 1573 fuit
1061 1521 1200 1590 scriptor,
1216 1522 1250 1572 ut
1269 1536 1305 1572 ex
1325 1518 1385 1572 Ma-

234 1607 320 1661 riano
342 1607 416 1662 duce
437 1607 593 1663 Sullanum
611 1609 733 1677 iaceret,
754 1614 817 1673 aut,
838 1610 863 1663 si
883 1607 1004 1678 quidem
1023 1608 1054 1662 id
1073 1608 1151 1680 quod
1171 1609 1317 1664 scriberet
1337 1610 1385 1662 in-

235 1696 362 1765 tellexit,
382 1704 445 1752 tam
466 1697 546 1753 male
565 1699 700 1770 scripsit,
719 1703 754 1753 ut
773 1699 838 1754 eius
859 1698 949 1753 verba
968 1697 1097 1754 diversis
1117 1698 1212 1753 modis
1231 1700 1382 1769 interpre-

237 1787 296 1840 tari
327 1789 483 1858 possimus.
509 1787 588 1855 Nos,
620 1806 653 1843 re
672 1787 836 1858 diligenter
858 1787 1056 1852 considerata,
1086 1805 1153 1850 cum
1182 1788 1385 1842 Dieckmanno

235 1876 275 1945 (p.
285 1875 334 1946 82)
352 1878 561 1933 existimamus
580 1878 692 1933 rectius
711 1895 800 1947 quam
819 1877 1040 1932 Franckenium
1053 1877 1085 1946 (l.
1099 1895 1138 1931 m.
1150 1896 1176 1948 p.
1190 1877 1256 1949 253)
1268 1882 1299 1932 et
1313 1876 1389 1930 Lan·

236 1966 319 2035 gium
330 1965 400 2037 (111,
418 1984 447 2038 p.
467 1968 520 2022 160
538 1971 569 2022 et
587 1967 680 2038 seqq.)
694 1967 793 2022 facere
808 1966 1026 2022 Mommsenum
1046 1966 1098 2037 (Il,
1118 1985 1145 2037 p.
1165 1968 1238 2037 361),
1257 1969 1306 2038 qui
1332 1967 1388 2037 pri·

239 2071 322 2109 mum
341 2058 531 2111 enuntiatum
551 2058 595 2111 ita
611 2056 779 2128 intellegat,
799 2063 834 2111 ut
853 2055 1019 2111 Carbonem
1039 2056 1193 2111 Sullanum
1213 2057 1317 2112 ducem
1337 2056 1387 2127 qui

238 2144 387 2200 obsidioni
406 2152 561 2217 praeesset
580 2165 598 2201 a
616 2148 679 2202 suis
699 2146 846 2202 militibus
870 2146 1018 2218 lapidibus
1031 2149 1160 2204 occisum
1181 2164 1245 2202 esse
1266 2150 1387 2200 censeat

235 2231 338 2302 (quam
357 2237 541 2290 sententiam
557 2235 716 2291 confirmat
729 2235 793 2291 val.
806 2236 956 2291 Maximus
969 2236 1024 2306 ix,
1037 2237 1061 2305 7,
1076 2238 1112 2306 3),
1134 2237 1270 2307 proxima
1285 2240 1385 2287 autem

237 2321 330 2378 verba
348 2323 496 2379 Liciniani
514 2325 566 2380 «is
587 2357 620 2366 -
639 2325 818 2397 proscriptos
838 2356 870 2368 -
890 2325 1072 2382 dimiserat»
1090 2324 1267 2380 Strabonem
1287 2322 1332 2395 (V,
1345 2323 1386 2394 2),

236 2413 282 2466 uti
298 2412 428 2482 videtur,
442 2420 572 2483 secutus,
587 2400 735 2486 explicet:
752 2418 846 2474 Carbo
859 2433 896 2472 eac
904 2420 994 2486 pacto
1009 2433 1054 2472 eos
1066 2416 1220 2472 inviolatos
1231 2413 1311 2469 obire
1320 2430 1387 2484 pos·

237 2518 290 2557 sus
308 2507 388 2559 erut:
406 2520 439 2559 eo
458 2504 524 2577 ipsa
543 2507 578 2560 de
596 2522 687 2561 causo
708 2505 813 2561 milites
831 2506 998 2562 occiderunt
1015 2506 1217 2578 imperatorem
1236 2503 1326 2559 nimis
1338 2504 1387 2557 in·

237 2593 408 2663 dulgentem.
421 2626 452 2637 -
465 2597 595 2653 Carbone
606 2593 760 2668 praetorio]
772 2594 834 2650 Val.
846 2595 925 2650 Max.
935 2596 967 2667 (l.
981 2597 1042 2665 m.):
1053 2598 1104 2651 lile
1118 2611 1230 2666 quoque
1242 2592 1386 2649 exercitus

237 2682 354 2751 nesorio
373 2682 512 2739 uiolentus
530 2685 694 2755 (exercitus
713 2684 835 2754 Sullae),
855 2685 909 2755 qui
923 2687 952 2742 0.
966 2687 1125 2742 Carbonem
1143 2685 1268 2753 fratrem
1283 2684 1388 2740 Carbo·

235 2771 284 2826 nis
303 2774 344 2827 ter
361 2774 488 2829 consulis
504 2778 625 2845 propter
636 2776 707 2829 bella
720 2774 818 2830 cicilia
837 2773 1009 2830 dissolutam
1020 2774 1211 2844 disciplinam
1231 2772 1388 2828 militarem

232 2857 434 2932 praefractius
452 2866 478 2918 et
496 2863 622 2935 ripidius
641 2863 804 2934 astrinpere
822 2867 969 2929 conatum,
988 2864 1119 2935 priuauit
1136 2863 1218 2930 cita;
1236 2862 1390 2931 satiusque

198 3009 201 3014 ,
237 2950 327 3005 diruit
344 2951 475 3007 monimo
493 2955 594 3007 scetere
612 2952 801 3023 coinquinari
817 2969 908 3024 quum
925 2969 1033 3023 prauos
1052 2969 1087 3006 uc
1107 2954 1192 3006 tetros
1210 2968 1302 3006 mores
1322 2968 1388 3004 mu-

239 3044 308 3096 tore.
325 3072 357 3081 ·-
374 3044 425 3098 Cn.
440 3040 590 3114 Carbonis]
604 3043 623 3097 i.
644 3059 667 3096 e.
687 3041 739 3096 Cn.
754 3042 866 3113 Papirii
881 3041 1026 3097 Carbonis
1040 3059 1120 3097 cons.
1133 3060 1159 3095 a.
1173 3041 1234 3107 669,
1250 3039 1310 3106 670,
1324 3040 1385 3093 672.

238 3160 273 3173 -
289 3130 463 3188 Consulibus
483 3132 607 3188 Claudio
620 3136 647 3187 et
658 3131 789 3205 Seruilio]
803 3132 918 3203 Appius
937 3131 1078 3186 Claudius
1092 3131 1219 3185 Pulcher
1234 3136 1265 3184 et
1278 3130 1309 3183 P.
1320 3130 1384 3184 Ser·

239 3221 331 3276 vilius
349 3221 437 3276 Vatia
457 3239 535 3276 anno
554 3240 582 3275 u.
602 3221 655 3275 cis
674 3222 813 3279 consules
832 3221 963 3276 fuerunt.
978 3253 1011 3263 —
1024 3222 1085 3277 iam
1104 3224 1173 3277 anic
1194 3252 1227 3263 ·-
1244 3219 1384 3292 fecerant]

238 3312 257 3365 i.
277 3328 302 3366 e.
320 3327 350 3364 se
367 3311 548 3367 dediderunt.
568 3312 667 3365 Etiam
693 3330 728 3366 ex
751 3329 813 3382 per.
833 3312 899 3365 Liv.
927 3313 962 3365 89
990 3311 1096 3366 Nolam
1120 3329 1178 3366 non
1199 3310 1293 3365 multo
1313 3316 1384 3363 ant>

239 3416 329 3473 quam
349 3401 522 3457 Volaterras
541 3418 573 3457 se
592 3400 709 3457 dedisse
728 3407 861 3472 apparet.
876 3434 908 3443 -
935 3401 1051 3472 Papius
1069 3400 1205 3474 Mutilus]
1224 3400 1253 3455 0.
1274 3400 1384 3471 Papius

238 3489 365 3545 Mutilus
384 3489 530 3544 Italorum
550 3489 611 3543 dux
631 3490 896 3560 praeclarissimus
910 3492 960 3560 qui
974 3508 1053 3544 anno
1067 3490 1119 3543 cel
1132 3489 1169 3543 ab
1183 3490 1271 3544 Italis
1290 3488 1383 3543 foede·

239 3579 315 3634 ratis
335 3579 437 3634 consul
457 3586 576 3634 creatus
595 3586 642 3633 est
660 3579 700 3649 (v.
715 3580 788 3650 App.
798 3582 834 3635 Β.
848 3581 878 3636 0.
890 3578 914 3646 I,
924 3579 967 3644 40,
977 3580 1021 3647 42,
1032 3580 1087 3650 51).
1106 3578 1227 3634 Exitus,
1249 3579 1313 3632 eius
1333 3579 1383 3631 mi·

239 3669 386 3723 serrimns
413 3668 475 3723 fere
491 3668 602 3723 eisdem
617 3668 715 3723 verbis
729 3673 872 3722 narratur
886 3668 964 3739 apud
984 3669 1050 3721 Liv.
1063 3669 1135 3738 (per.
1148 3668 1203 3738 89),
1217 3667 1266 3721 ubi
1281 3672 1382 3720 tamon

239 3757 339 3828 oppidi
358 3757 449 3812 Teani
469 3775 576 3812 nomon
594 3757 688 3812 deest.
707 3757 750 3811 De
769 3757 844 3812 Osco
864 3758 1041 3828 cognomine
1059 3755 1234 3810 ‹Mutilus›
1259 3756 1382 3824 eiusque

239 3848 417 3916 cognatione
430 3863 497 3901 cum
510 3845 646 3900 Romano
666 3867 677 3893 ι
691 3848 823 3901 Metellus
838 3868 849 3894 ο
868 3862 895 3899 v.
910 3844 1064 3899 Merimee:
1075 3843 1165 3899 Essai
1172 3861 1224 3898 sur
1237 3846 1267 3898 la
1276 3860 1382 3913 querrc

237 3934 342 3990 sociale
352 3952 378 4005 p.
388 3935 423 3989 83
442 3934 509 3989 adn.
520 3934 533 3987 I
545 3934 654 4005 (Paris,
670 3932 792 3990 (lalman
813 3935 897 4004 Levy
919 3934 1007 4002 1676).
1022 3965 1055 3973 -
1070 3936 1150 3987 Data
1169 3936 1232 3987 erut
1244 3936 1269 3987 et
1282 3934 1383 3989 Sicllae

240 4054 273 4066 -
291 4024 388 4081 Gallia
409 4021 571 4096 Cisalpina]
590 4041 617 4077 v.
637 4023 757 4078 Momm.
777 4041 803 4079 o.
824 4042 862 4077 m.
881 4022 921 4091 II,
937 4041 963 4094 p.
983 4023 1044 4091 355,
1064 4022 1132 4076 adn.

666 4262 971 4306 w·-
