3309 5167
831 307 990 367 ,3ο-

336 439 514 506 postcladem
528 438 762 490 Arausionensem
771 438 911 489 multatus
922 442 984 489 erat
992 437 1031 501 (id
1044 436 1126 488 facile
1137 437 1231 503 colligi
1244 441 1336 502 potest
1348 453 1382 488 ex
1393 438 1489 490 verbis

336 522 366 572 ob
381 520 484 571 eandem
500 537 602 570 causam
618 537 669 582 qua
685 518 754 583 (cod.
771 525 886 584 quumpu
902 520 1025 583 Caepio);
1046 534 1112 569 cum
1132 522 1228 570 antem
1245 517 1416 583 pervenisset
1437 519 1489 569 ubi

335 607 436 654 auctor
451 618 521 652 suns
537 600 571 652 de
585 603 625 652 eis
640 602 803 666 loqueretur
816 615 889 664 qnae
906 616 923 650 a
939 600 1051 651 Rutilio
1066 600 1126 650 sine
1137 599 1244 665 collega
1260 599 1372 664 provisa
1385 606 1489 663 essent,

337 682 412 748 quod
432 683 548 734 Mallius
567 684 658 734 Roma
674 683 783 733 abesset
797 697 912 732 causam
926 681 1025 732 afferre
1040 681 1138 743 voluit,
1150 696 1268 745 eamque
1278 680 1399 745 reperire
1410 698 1489 746 posse

335 766 366 815 in
382 763 474 815 Mallii
485 763 569 814 exilio
583 762 637 814 sibi
649 764 785 825 virescat,
800 767 904 813 temere
916 761 1082 813 existimans
1095 766 1124 812 et
1137 760 1267 812 Mallium
1280 766 1310 812 et
1323 761 1489 825 Caepionem

335 833 431 897 eodem
448 861 523 895 anno
535 846 583 895 649
593 844 740 909 rogatione
752 843 901 895 Saturnini
913 858 1001 908 poena
1012 843 1150 892 multatos
1161 858 1227 893 esse.
1237 843 1315 903 Quae
1325 842 1489 894 coniectura

336 933 434 978 nostra
449 925 621 991 probabilior
628 923 776 977 videbitur
786 923 810 974 si
822 923 907 988 paulo
919 923 995 974 infra
1006 921 1147 987 Madvigii
1158 921 1319 973 emendatio
1330 923 1487 988 accipiatur

337 1007 428 1057 «solus
441 1012 575 1068 supererat
590 1005 779 1068 reipublicae».
795 1033 826 1041 -
838 1004 977 1069 plebiscito]
996 1005 1093 1064 Bern.·,
1109 1002 1191 1054 ΟΙΤΟ
1202 1001 1262 1053 ccd.
1278 1030 1309 1040 -
1327 1002 1441 1053 Rutilius
1457 1032 1487 1043 -

336 1088 499 1153 reipublicae}
517 1087 592 1138 inter
607 1087 695 1138 verba
711 1085 826 1148 ‹collepa
839 1085 947 1135 Medii»
962 1089 991 1135 et
1012 1108 1022 1128 ι
1034 1102 1131 1134 cum-
1141 1090 1219 1133 nutus
1231 1103 1244 1129 »
1257 1083 1345 1136 codex
1357 1085 1487 1137 exhibet:

336 1171 384 1220 boc
400 1186 467 1218 anno
485 1170 530 1220 Ora
547 1168 686 1230 Pompeius
695 1174 769 1218 natus
783 1172 818 1216 est
831 1168 897 1216 sotus
907 1182 1039 1228 superrep.
1050 1166 1103 1216 anit
1113 1181 1190 1227 aeque
1203 1171 1278 1227 atquc
1292 1166 1395 1231 Cicera3
1411 1165 1488 1230 quod

337 1250 474 1316 glossema
487 1265 545 1301 esse
555 1250 637 1300 Bern.
649 1253 677 1299 et
688 1249 726 1299 M.
738 1246 991 1313 existimaverunt3
1007 1248 1038 1297 Β.
1052 1246 1228 1297 secluserunt
1244 1263 1397 1309 ‹superrep
1410 1249 1483 1299 anit»

337 1332 379 1382 ita
394 1336 521 1385 correcto
537 1346 548 1386 ς
573 1330 660 1380 «solus
675 1330 806 1391 superiore
819 1329 894 1391 ponit
909 1351 932 1387 »,
948 1332 1035 1392 atque
1051 1326 1212 1392 parenthesi
1229 1343 1246 1377 a
1258 1328 1374 1392 reliquis
1391 1327 1490 1379 distin-

337 1417 385 1464 cto
403 1450 413 1462 .
442 1413 475 1462 In
492 1410 557 1461 adn.
573 1417 670 1462 autem
685 1408 874 1461 addiderunt:
895 1410 1011 1461 Granius
1022 1409 1173 1470 Pompeium
1189 1414 1276 1458 natam
1285 1425 1335 1459 esse
1349 1410 1490 1471 scripserat

337 1510 362 1543 a.
379 1510 403 1543 u.
419 1495 478 1555 647,
495 1493 573 1542 ceteri
586 1510 612 1542 a.
630 1509 655 1540 a.
671 1494 732 1552 648,
749 1491 814 1540 unde
830 1490 933 1541 addidit
956 1490 1107 1552 epitomator
1127 1512 1137 1532 «
1147 1490 1214 1539 solus
1228 1491 1360 1553 superiore
1381 1492 1455 1553 ponit
1465 1514 1488 1552 ›,

337 1580 361 1623 et
382 1574 436 1635 ipse
459 1572 495 1622 ad
518 1589 613 1622 annum
638 1574 691 1621 648
718 1573 764 1621 Cn.
790 1570 943 1633 Pompeium
963 1577 986 1620 et
1012 1571 1156 1621 Ciceronem
1174 1577 1246 1621 natos
1269 1586 1318 1621 esse
1341 1570 1490 1622 adnotavit:

338 1657 389 1706 duc
410 1656 474 1705 boec
498 1654 671 1705 additamenta
691 1655 719 1703 in
743 1653 828 1703 codice
850 1655 954 1717 confusa
969 1655 997 1703 in
1013 1654 1187 1703 narrationem
1207 1654 1271 1703 anni
1294 1671 1318 1703 u.
1345 1657 1397 1704 649
1420 1655 1489 1704 irre-

334 1743 450 1800 pserunt.
472 1737 563 1797 Quam
587 1735 779 1786 coniecturam
803 1751 820 1785 a
835 1734 955 1785 Francis.
978 1737 1015 1799 (p.
1042 1735 1100 1797 248)
1124 1735 1272 1799 probatam
1292 1734 1378 1786 certis
1402 1752 1489 1801 argu-

338 1817 442 1868 mentis
457 1818 566 1868 refutat
581 1816 732 1867 Linkerius
748 1820 783 1879 (o.
799 1832 822 1866 c.
839 1832 864 1880 p.
880 1816 927 1865 637
943 1819 972 1866 et
988 1819 1090 1880 seqq),
1106 1819 1181 1866 recte
1205 1815 1280 1867 enim
1304 1816 1329 1866 is
1352 1827 1439 1883 negat
1454 1835 1489 1870 ex
1541 1826 1544 1830 ’

339 1898 433 1950 verbis
449 1898 587 1960 Pompeius
602 1914 681 1947 annos
695 1903 770 1946 natus
784 1894 871 1948 XXV
882 1913 954 1958 eques
970 1897 1102 1948 Romanus
1113 1933 1119 1946 .
1132 1901 1337 1959 ..propraetore
1352 1914 1384 1947 ea
1394 1899 1489 1961 Africa

337 1978 513 2041 triumphauit,
537 1994 609 2042 quae
631 1977 706 2028 infra
731 1977 789 2042 (fol.
805 1977 831 2029 V
847 1992 869 2026 r.
886 1979 923 2039 A)
945 1976 1089 2041 leguntur,
1106 1976 1263 2040 quidquam
1279 1977 1414 2041 comperti
1439 1995 1490 2030 nos

339 2062 442 2111 habere
459 2057 493 2110 de
507 2075 581 2110 anno
598 2074 654 2123 quo
665 2058 815 2122 Pompeius
827 2063 913 2108 natus
924 2057 963 2107 sit
976 2062 1027 2108 aut
1038 2056 1196 2121 quidquam
1210 2057 1305 2123 colligi
1322 2075 1400 2123 posse
1413 2060 1488 2124 quod

339 2142 428 2191 veteri
444 2139 568 2205 opinioni
584 2142 729 2204 repugnet,
746 2137 764 2188 i.
779 2154 800 2188 e.
817 2154 882 2189 eum
897 2154 972 2188 anno
987 2153 1015 2187 u.
1026 2154 1049 2188 c.
1060 2138 1108 2187 648
1119 2144 1219 2188 natum
1231 2154 1303 2189 esse:
1315 2139 1389 2203 quod
1402 2139 1425 2190 si
1438 2142 1490 2192 hoc

339 2221 431 2286 ipsum
448 2220 626 2283 concedatur,
638 2223 725 2285 negat
740 2222 838 2269 tamen
849 2218 1000 2269 Linkerins
1011 2220 1133 2284 primum
1143 2224 1195 2269 aut
1207 2220 1297 2271 solum
1309 2219 1489 2273 Licinianum

340 2317 356 2352 a
373 2299 512 2365 plerisque
529 2298 677 2351 dissentire
694 2298 728 2349 de
744 2314 819 2349 anno
835 2314 892 2362 quo
908 2298 1057 2363 Pompeius
1071 2303 1158 2349 natus
1174 2299 1212 2349 sit
1228 2303 1266 2362 (v.
1280 2300 1352 2352 Vell.
1374 2302 1438 2351 Pat.
1456 2304 1491 2365 ΙΙ,

340 2382 398 2446 29);
414 2386 500 2446 negat
516 2378 644 2452 denique,
661 2395 774 2444 quoquo
792 2378 934 2431 madores
952 2395 980 2430 se
996 2380 1106 2442 habuit,
1126 2380 1188 2431 fieri
1213 2380 1337 2444 potuisse
1353 2386 1389 2432 ut
1413 2382 1490 2434 ullus

310 2510 311 2513 ,
340 2462 507 2526 epitomator
526 2476 594 2518 voce
614 2460 733 2523 «sotus»,
750 2459 863 2511 nomine
879 2476 937 2511 non
960 2459 1078 2522 adiecto,
1104 2464 1243 2523 uteretur,
1267 2466 1301 2512 ut
1326 2462 1490 2527 scriptorem

340 2557 423 2607 quem
440 2543 606 2606 excerpebat
621 2540 802 2606 significaret,
820 2545 873 2591 aut
888 2541 911 2590 si
928 2539 999 2605 quid
1017 2539 1051 2590 de
1068 2556 1099 2591 eo
1120 2539 1212 2591 dicere
1236 2541 1379 2605 voluisset,
1404 2542 1434 2593 id

340 2623 409 2688 ipsis
424 2621 569 2686 scriptoris
585 2621 680 2672 verbis
696 2622 841 2672 insereret.
855 2620 1008 2672 Linkerius
1025 2621 1114 2686 igitur
1130 2621 1307 2673 existimavit
1331 2640 1381 2688 pro
1400 2643 1413 2669 ι
1425 2625 1492 2675 solas

336 2704 467 2767 superiore
479 2703 554 2764 ponit
565 2723 578 2748 ι
595 2700 747 2766 legendum
771 2717 829 2752 esse
846 2722 858 2748 «
871 2702 941 2764 fitius
966 2700 1118 2751 Strabonis·
1139 2702 1184 2753 vel
1207 2703 1296 2753 ‹salus
1311 2704 1465 2766 reipublicae
1477 2726 1490 2751 »

339 2783 384 2835 vel
401 2781 510 2847 aliquid
526 2781 696 2832 huiusmodi.
713 2782 766 2832 Sed
783 2781 879 2833 verius
895 2798 981 2846 quam
998 2782 1090 2845 ceteri,
1108 2782 1247 2847 quomodo
1263 2783 1293 2834 in
1311 2784 1386 2835 hunc
1398 2786 1490 2837 locum

340 2869 401 2915 tarn
411 2863 539 2928 ineptum
556 2861 785 2913 additamentum
796 2863 948 2927 irrepserit,
957 2862 1110 2927 explicavit
1121 2861 1287 2929 Madvigius
1296 2868 1330 2927 (o.
1339 2882 1375 2915 m.
1384 2882 1409 2930 p.
1418 2867 1491 2930 402):

342 2944 505 3007 Manifestum
519 2950 554 2994 est
563 2972 591 2982 -
600 2943 696 3008 inquit
712 2972 742 2980 —
749 2944 863 3006 pristina
878 2944 955 2993 uerbo
969 2945 1045 3007 titisse
1056 2962 1069 2992 u
1081 2943 1391 3008 Rutiliusconsulcollepa
1403 2946 1493 2997 Mallii

340 3026 406 3078 solus
420 3031 569 3090 supererat,
585 3027 670 3087 itaque
685 3042 741 3074 cum
756 3031 833 3074 nutus
843 3048 853 3068 »
874 3031 931 3089 etc.;
947 3023 997 3085 sed,
1008 3024 1047 3074 bis
1057 3025 1168 3086 scriptis,
1178 3026 1342 3087 epitomatori
1358 3025 1491 3078 Liciniano

341 3108 442 3170 placuit
456 3105 487 3157 de
502 3122 570 3155 anno
585 3107 669 3156 natali
681 3105 792 3167 Pompei
805 3111 829 3154 et
855 3105 982 3156 Oiceronis
1002 3105 1098 3154 addere
1116 3106 1309 3166 adnotationem,
1330 3124 1395 3169 quae
1419 3109 1492 3171 apud

340 3191 433 3253 sontem
447 3189 475 3238 in
490 3188 539 3250 fine
553 3187 693 3249 superioris
709 3188 773 3236 anni
790 3188 866 3250 (648)
884 3185 1011 3247 leuabatur
1028 3187 1073 3250 (cf.
1084 3185 1210 3238 Dieckm.
1227 3204 1253 3251 p.
1268 3188 1326 3253 44);
1341 3188 1403 3239 baec
1413 3190 1494 3239 adno-

342 3270 404 3320 tatio
419 3270 447 3318 in
462 3268 577 3330 marpine
592 3270 713 3329 apposita
728 3267 760 3317 ab
776 3269 914 3330 neplepenti
928 3267 1037 3318 libraria
1051 3274 1139 3329 postea
1154 3270 1182 3317 in
1198 3269 1263 3318 duas
1276 3276 1365 3331 partes
1388 3271 1492 3321 discissa

293 3413 295 3417 ι
342 3349 701 3413 (bocannoOn.Pompei1n
717 3355 790 3398 natus
812 3354 847 3398 est
870 3376 898 3385 -
924 3355 998 3410 atque
1024 3346 1123 3412 Oieero)
1138 3355 1161 3398 et
1186 3366 1243 3398 cum
1267 3351 1347 3400 altera
1363 3353 1491 3403 enuntiato

343 3433 423 3481 minta
438 3437 479 3480 est.
495 3458 527 3467 —
542 3430 608 3479 solas
617 3436 750 3491 supererat
760 3429 825 3491 reip.
840 3430 932 3494 itaque]
945 3427 1158 3493 Hirschfeldius,
1176 3429 1225 3494 qui
1238 3429 1378 3496 Madvigii
1390 3432 1492 3484 coniec-

343 3518 439 3562 turam
456 3509 595 3574 imprimis
611 3510 726 3572 refutat,
736 3508 812 3574 quod
832 3500 976 3574 superiora
987 3509 1074 3561 verba
1088 3509 1132 3560 On.
1152 3510 1277 3561 Manilius
1287 3541 1317 3548 —
1329 3513 1424 3576 eiectus,
1435 3530 1492 3564 non

343 3590 443 3643 Granii
460 3606 524 3652 esse,
541 3589 589 3640 sed
606 3589 661 3640 alia
679 3605 767 3639 manu
791 3589 847 3640 huc
864 3588 970 3640 inserta
994 3604 1051 3640 esse
1067 3595 1168 3653 censet,
1185 3590 1377 3642 Dieckmanno
1398 3597 1435 3657 (p.
1451 3595 1494 3656 45)

343 3670 567 3723 commendavit:
589 3672 675 3722 «solus
690 3670 733 3720 sub
749 3669 809 3720 urbe
821 3672 920 3733 positus
931 3693 953 3732 ι,
969 3669 1161 3720 Mommsenus
1185 3676 1281 3722 autem
1298 3692 1311 3717 s
1323 3690 1400 3734 super
1415 3690 1493 3736 repu-

343 3751 409 3801 blica
424 3752 547 3802 scllicitus
557 3767 588 3815 »ς
604 3748 652 3801 sed
668 3766 758 3814 neque
774 3750 826 3800 hoc
843 3766 932 3813 neque
949 3749 1020 3799 illud
1037 3748 1279 3802 commendatione
1288 3751 1407 3817 dignum
1418 3752 1491 3803 vide

344 3838 401 3882 tur.
410 3860 439 3869 -
451 3833 571 3897 XXXV]
582 3833 650 3896 cod.;
659 3849 672 3879 u
681 3830 841 3893 probabilius
848 3830 961 3880 XXXX
967 3830 1006 3882 VI
1013 3849 1026 3878 u
1038 3832 1067 3880 B.
1078 3831 1120 3894 (in
1132 3831 1215 3894 adm).
1224 3859 1256 3871 -
1266 3833 1354 3897 ullane]
1364 3833 1492 3884 Schmid-

343 3912 410 3975 tius,
427 3912 495 3976 quia
510 3911 608 3962 littera
624 3928 649 3960 m
664 3916 731 3961 ante
746 3927 772 3959 m
788 3908 930 3973 sequentis
946 3909 977 3959 in
993 3909 1087 3961 codice
1099 3910 1230 3961 vocabuli
1242 3911 1356 3975 excidit,
1369 3918 1421 3962 aut
1433 3918 1492 3964 tan-

344 3999 408 4044 tum
423 4020 457 4050 ω,
473 3991 647 4057 superposito
663 3992 822 4057 significata
839 3996 916 4056 erat,
931 3991 981 4041 alli
994 4008 1019 4055 p.
1033 3997 1062 4042 et
1078 3993 1108 4041 B.
1128 4021 1157 4029 -
1178 3993 1207 4042 in
1230 4010 1319 4043 navem
1342 3996 1489 4060 reciperent]

344 4075 434 4139 suppl.
449 4076 495 4139 B.;
511 4078 669 4125 extremum
686 4073 833 4124 columnae
848 4073 967 4125 verbum
978 4078 1020 4123 est
1032 4072 1166 4125 NAUEM
1176 4089 1182 4139 3
1194 4074 1221 4123 in
1232 4091 1320 4126 nauem
1332 4076 1492 4127 conscendere

348 4157 432 4214 liceret
448 4172 472 4221 p.
486 4183 517 4195 -
