3309 5167
789 267 950 328 -62-

300 396 439 469 petundis
451 403 643 452 accusaretur
654 405 719 452 curn
735 397 865 452 Siciliam
875 397 1050 470 diripuisset
1059 397 1129 469 (Cio.
1137 400 1214 454 Verr.
1225 396 1264 453 11.
1277 396 1302 466 3,
1313 398 1357 463 91,
1430 441 1438 468 ,

300 505 367 541 cum
385 487 467 541 Sulla
485 486 636 541 dictatura
655 504 687 542 se
706 486 906 542 abdicavisset
918 487 1002 558 (675),
1016 486 1180 542 adiuvante
1195 486 1334 558 Pompeio
1394 495 1439 543 ut.

299 578 372 635 Sall.
383 578 444 644 341,
455 580 557 647 Pomp.
573 577 619 644 15;
635 577 720 630 Dion.
731 576 811 631 Gaas.
824 577 884 643 550,
898 577 950 630 551
963 575 1019 647 fa),
1032 576 1135 630 consul
1151 578 1271 630 creatus
1287 582 1333 631 est
1347 578 1377 631 in
1390 595 1440 632 an·

299 685 369 721 num
384 666 445 732 676,
456 667 612 733 aestatim,
624 668 715 720 etiam
729 672 793 720 tum
805 666 887 720 Sulla
897 668 975 733 vivo,
989 684 1004 719 rr
1019 666 1144 720 turbidis
1162 666 1365 721 contionibus»
1382 668 1441 737 ple-

299 756 366 810 bem
385 756 423 811 ad
442 756 619 812 seditionem
634 756 784 810 concitare
797 747 951 826 coepitss—
962 755 1150 811 tribuniciam
1161 756 1340 826 potestatem]
1352 774 1441 826 quam

300 846 382 899 Sulla
401 864 460 900 non
480 844 654 913 sustulerat,
674 844 726 899 sed
745 845 939 899 imminuerat
951 850 991 916 (v.
1012 845 1132 899 Momm.
1146 862 1171 898 o.
1185 855 1262 899 m.'v.
1275 845 1315 912 11,
1328 862 1355 916 p.
1366 846 1440 916 251).

300 937 395 990 coartat
406 934 507 1007 oratio]
527 952 681 1005 perperam
700 934 875 988 Bonnenses
889 934 954 988 edd.
967 934 1040 988 haec
1061 934 1152 988 verba
1171 936 1368 1002 secluserunt,
1382 953 1444 989 non

301 1024 412 1089 Grani,
431 1024 484 1078 sed
511 1025 718 1094 epitomatoris
737 1040 772 1076 ea
791 1040 857 1077 esse
883 1023 1031 1077 arbitrati.
1052 1023 1155 1077 Oratio
1174 1023 1254 1077 enim
1274 1022 1387 1093 Lepidi,
1406 1023 1444 1077 de

301 1131 360 1184 qua
378 1113 426 1167 hio
445 1113 555 1184 agitur,
575 1130 642 1166 cum
662 1128 728 1166 esse
746 1129 805 1165 non
825 1117 926 1183 potest
945 1130 979 1166 ea
993 1129 1069 1182 quae
1083 1112 1168 1166 nobis
1181 1117 1219 1165 'ex
1231 1110 1371 1171 Historiis
1385 1111 1446 1165 Sal·

300 1203 385 1258 lustii
404 1209 512 1270 exstat,
533 1219 666 1272 quaeque
685 1201 788 1255 habita
816 1208 864 1256 est
892 1203 983 1256 etiam
1006 1208 1069 1255 tum
1093 1201 1174 1256 Sulla
1189 1203 1268 1269 vivo,
1290 1218 1369 1255 anno
1391 1202 1445 1255 676

301 1295 441 1359 ineunte,
460 1298 526 1346 tum
545 1291 621 1347 nihil
647 1291 771 1362 impedit
790 1292 950 1362 quominus
969 1287 1175 1346 existimemus
1203 1291 1330 1345 alteram
1351 1291 1445 1347 fuisse

301 1401 390 1453 quam
409 1383 583 1437 Licinianus
602 1383 721 1436 noverit
740 1388 860 1436 exstare
879 1384 943 1437 sive
962 1383 993 1435 in
1013 1382 1086 1452 ipsis
1104 1380 1239 1455 Sallustii
1258 1382 1386 1452 integris
1404 1380 1446 1433 hi·

302 1473 405 1528 storiis
433 1474 494 1527 sive
513 1471 591 1543 apud
610 1473 749 1541 quamvis
767 1472 859 1525 alium
888 1489 989 1525 rerum
1010 1471 1195 1541 scriptorem.
1217 1501 1249 1512 -
1271 1473 1358 1540 leqem
1375 1469 1446 1538 fru-

301 1562 476 1618 mentariam
494 1592 528 1603 -
543 1560 743 1634 pollicebatur]
762 1561 808 1614 Ex
826 1561 932 1631 Lepidi
951 1560 1167 1631 rogationibus,
1180 1577 1265 1630 quae,
1280 1559 1388 1614 Catulo
1400 1576 1443 1613 re·

303 1653 437 1717 sistente,
455 1652 590 1722 legitime
610 1651 791 1721 promulgari
812 1669 872 1704 non
892 1655 1039 1721 poterant,
1050 1650 1249 1703 frumentaria
1264 1654 1392 1715 tantum,
1406 1666 1445 1702 ne

302 1741 408 1797 Catulo
427 1741 546 1811 quidem
559 1742 729 1807 resistente,
749 1740 797 1795 lex
819 1740 900 1793 facta
919 1747 982 1806 est;
1003 1739 1051 1809 (de
1066 1739 1122 1792 hac
1145 1738 1347 1793 frumentaria
1377 1737 1445 1809 lege

303 1833 437 1903 disputat
456 1831 667 1897 MommseuuS,
687 1848 712 1883 o.
735 1849 772 1884 m.
793 1848 820 1888 v.
841 1829 897 1898 III,
918 1848 943 1900 p.
962 1830 998 1882 25
1017 1828 1106 1899 adn).
