3309 5167
666 322 826 381 ..43-

146 449 148 454 ’
165 451 385 516 subsequuntur
401 467 460 504 esse
475 467 554 517 posse
570 451 728 505 videntur«
740 455 823 515 lepato
840 455 943 503 accito»
957 454 1065 515 (LElGA
1075 491 1080 504 .
1091 490 1097 504 .
1107 457 1318 517 ic101).-·tertio

164 540 225 595 poet
233 533 306 583 illum
316 534 390 599 dmm]
400 536 500 584 tertium
506 540 563 597 port
571 534 637 584 diem
644 535 685 598 B,
694 533 742 585 sed
750 534 812 585 iure
820 540 915 585 monet
925 534 1035 586 Keilius
1042 541 1079 600 (p.
1087 536 1146 598 647)
1154 540 1220 586 ante
1228 537 1319 587 «Pom-

167 615 241 675 peiuo
253 633 266 662 i)
283 613 415 666 lacunam
427 614 559 666 maiorem
571 631 628 667 esse
641 632 726 679 quum
743 621 776 665 ut
787 615 924 666 vocabulo
936 621 1073 680 quattuor
1084 616 1246 667 litterarum
1258 633 1318 681 sup

167 694 239 759 pleri
256 695 352 758 possit.
367 697 437 747 Cum
455 715 468 744 c
480 714 584 747 curteum
600 715 613 745 „
628 698 664 748 ab
680 714 711 749 eo
728 697 901 762 propositum
919 696 1019 747 multis
1036 695 1070 748 de
1086 697 1179 748 causis
1191 698 1243 747 boc
1260 697 1319 748 loco

168 792 226 826 non
243 776 282 826 sit
297 775 437 840 idoneum,
449 793 524 828 nos«
536 779 608 827 tertio
616 784 674 840 port
684 778 757 827 illum
771 778 838 826 diem
850 795 864 824 u
876 777 1045 841 scripsimus.
1056 804 1088 817 -
1097 778 1216 840 apiritum
1226 778 1319 843 recidit]

166 856 377 908 Hirschfeldius
393 859 479 923 (apud
496 859 623 910 Dieckm.
640 875 665 923 p.
681 859 719 919 92,
736 857 800 908 adn.
817 858 861 923 3)3
875 858 999 908 MIRAT
1009 894 1093 909 ......
1106 858 1166 909 ΟΙΤ
1183 857 1258 923 cod.;
1274 876 1323 908 mo

163 938 242 997 ritur,
259 938 335 1001 quod
353 938 485 989 lacunam
502 955 558 989 non
571 938 689 1003 supplet,
707 954 772 989 cum
794 938 910 988 Momm.
927 954 969 1003 p.3
984 939 1052 989 mira
1068 938 1124 988 tabe
1139 939 1177 1001 B,
1192 939 1238 989 sed
1256 955 1322 989 cunr

165 1016 320 1079 Pompeius
336 1016 465 1067 fulminis
481 1019 581 1069 afflatu
597 1018 626 1081 (i.
644 1033 667 1067 e.
682 1020 821 1090 παραλύσει
838 1033 896 1080 qua
912 1017 1032 1067 fulmine
1045 1018 1118 1067 tacti
1129 1017 1274 1068 interdum
1285 1019 1323 1067 af-

165 1092 319 1157 ficiuntur)
334 1095 503 1159 absumptus
514 1096 560 1159 sit,
574 1119 586 1143 «
598 1098 667 1146 mira
683 1097 737 1146 tube
750 1117 763 1141 »
779 1097 832 1145 hoc
849 1096 908 1145 loco
919 1111 973 1145 nou
987 1100 1179 1159 opportunum
1191 1093 1322 1159 videtur3

165 1175 382 1239 animamefflcvit
392 1176 464 1226 Keil.
473 1204 503 1218 -
513 1213 683 1233 ...........
692 1178 699 1242 ]
717 1179 755 1238 B,
767 1176 815 1241 qui
827 1174 981 1227 adnotant:
998 1182 1032 1226 ert
1042 1178 1089 1238 qui
1098 1176 1207 1225 coniciet
1216 1195 1229 1221 c
1243 1174 1321 1224 urba-

165 1271 215 1302 nus
226 1272 251 1313 »5
269 1254 401 1305 Roumuur
418 1273 443 1320 p.
462 1257 558 1308 Keilio
576 1263 604 1307 et
623 1258 748 1309 Dieokm.
765 1256 953 1321 probantibus
968 1260 1001 1318 (..
1012 1293 1017 1305 .
1029 1256 1218 1307 ‚PADANUS
1238 1254 1316 1317 coi),

165 1349 234 1384 curn
252 1334 348 1385 littera
364 1336 394 1385 M
412 1338 535 1401 spatium
548 1340 636 1388 trium
653 1338 740 1387 litter.
757 1338 833 1387 PAD
849 1337 964 1400 implere
977 1337 1082 1400 possit,
1097 1342 1137 1398 at,
1150 1352 1186 1386 ne
1197 1336 1249 1386 hoc
1260 1336 1320 1400 qui·

166 1414 232 1466 dem
241 1431 375 1478 concesso,
389 1422 448 1467 tota
461 1418 563 1469 lacuna
572 1419 713 1483 impletur.
723 1420 784 1483 lpse
796 1419 903 1484 conicio
920 1441 928 1460 ·
943 1419 986 1467 iro
997 1419 1142 1467 incensus.»
1157 1445 1186 1453 —
1198 1417 1316 1481 empne]

166 1490 216 1561 M,
241 1496 375 1559 dirrupuit
397 1497 427 1547 in
452 1497 517 1549 adn.
534 1499 679 1550 coniciunt
706 1502 736 1550 B.
752 1498 800 1549 sed
817 1501 941 1562 frustra3
965 1498 1124 1549 DIRRUIT
1142 1496 1243 1548 cod.-
1259 1498 1319 1548 lecto

166 1574 304 1642 decursum]
314 1583 380 1627 rest.
389 1578 500 1644 Keilius
511 1579 666 1631 secundum
679 1580 866 1630 Plutarchum
878 1580 981 1642 (Pomp.
996 1579 1021 1640 I)
1032 1596 1037 1626 :
1048 1583 1259 1642 κατασπάσαντες
1269 1582 1320 1634 ἀπὸ

168 1666 215 1710 τοῦ
233 1656 343 1728 λέχους
359 1658 431 1719 ferro
443 1677 590 1723 percurrunt
606 1661 636 1710 B.
653 1677 715 1709 unco
731 1676 875 1721 suspectum
892 1658 929 1707 M.
949 1685 979 1694 -
998 1658 1055 1721 per]
1071 1658 1101 1706 Β.
1126 1684 1157 1695 ·-
1174 1658 1318 1720 pessimum]

165 1743 249 1809 Keil.;
264 1744 440 1806 nequissimum
453 1740 719 1804 ROEESSrSIDUM
736 1738 814 1802 coi).
825 1768 856 1775 -
869 1739 965 1802 patres]
976 1755 1001 1802 p.
1010 1739 1049 1801 B,
1065 1736 1241 1788 Schmidtius
1256 1753 1320 1801 pro-

167 1825 263 1888 posuit
280 1846 293 1870 «
304 1830 434 1886 praetcrea
444 1846 466 1886 ι,
479 1820 554 1886 quod
566 1821 737 1872 vccabulum
750 1841 762 1865 «
771 1827 862 1882 patres
873 1840 886 1866 »
898 1819 1013 1869 brevius
1025 1818 1062 1869 sit
1071 1835 1120 1883 pro
1131 1819 1209 1870 ORA
1219 1855 1226 1869 .
1235 1855 1242 1869 .
1250 1820 1320 1876 Rus

167 1906 271 1956 dotum
288 1922 306 1957 a
321 1908 389 1971 cod.;
405 1903 453 1956 sed
470 1905 585 1955 Pertius
601 1900 900 1967 notat'primoquidem
917 1901 948 1951 in
972 1899 1065 1951 codice
1077 1916 1105 1951 se
1117 1900 1216 1966 legisse
1235 1901 1293 1950 PA.
1304 1903 1316 1965 ΙΙ

166 1987 247 2047 RES,
264 1986 338 2051 quod
356 1986 415 2036 sine
432 1984 519 2035 dubio
536 1983 727 2048 recipiendum
744 1989 794 2033 est.

216 2068 247 2116 B.
271 2067 372 2129 inpectis
388 2094 418 2103 -
434 2066 477 2130 eat]
501 2063 695 2115 coniecierunt
719 2064 750 2112 B.
773 2062 837 2126 (qui
858 2067 954 2112 tamen
981 2083 991 2105 e
1013 2060 1165 2123 traduntque
1186 2067 1317 2110 auctorea·

166 2147 299 2197 scribunt
316 2164 333 2197 a
349 2146 430 2197 nobis
446 2150 593 2196 mutatum
609 2143 639 2194 iu
656 2144 828 2205 traditumque
845 2147 896 2205 ert),
919 2158 985 2192 cum
1002 2140 1062 2192 cod.
1079 2141 1109 2191 iu
1127 2141 1217 2205 primo
1233 2145 1262 2191 et
1277 2157 1320 2192 se·

166 2228 262 2278 cundo
278 2243 362 2278 versu
379 2226 496 2277 alterius
508 2226 654 2276 columnae
664 2226 779 2275 lucunas
791 2224 930 2287 praebeat.
943 2253 971 2262 -
987 2223 1113 2287 lecticulo]
1128 2224 1167 2284 B.;
1179 2222 1320 2272 lecticulam

166 2307 228 2359 cod.
248 2336 278 2345 ·-
294 2308 464 2371 produxerat]
482 2322 523 2372 p.;
539 2306 647 2356 duxerat
662 2307 693 2355 B.
704 2334 734 2343 —
746 2304 886 2369 ordiuilur]
904 2305 956 2368 M.3
972 2305 1002 2354 Β.
1019 2302 1049 2352 iu
1061 2301 1126 2353 adn.
1141 2309 1175 2353 ert
1191 2304 1237 2364 qui
1251 2304 1319 2352 coni-

167 2391 222 2438 ciet
238 2407 251 2436 c
269 2389 376 2438 uexillis.
389 2406 443 2435 »-
456 2390 564 2450 mpetum
580 2387 610 2437 P.
628 2387 748 2437 Crassum
763 2387 880 2435 decernit.
906 2401 1016 2447 represso
1038 2384 1137 2448 erano]
1163 2382 1319 2433 Bursianus

166 2467 257 2528 (Jalrr.
272 2469 292 2530 f.
308 2468 342 2517 lcl.
359 2467 429 2517 Pliil.
448 2467 527 2532 [1858]
542 2466 571 2528 V,
589 2467 626 2528 77,
644 2482 669 2530 p.
685 2466 749 2528 650),
767 2464 817 2530 qui
836 2469 931 2516 temen
945 2465 976 2515 M
982 2466 994 2515 i
1012 2481 1061 2529 pro
1071 2464 1201 2529 Pponit3
1213 2465 1244 2514 cle
1253 2481 1319 2526 pace

167 2549 277 2609 lepatum
294 2548 375 2597 mittit.
392 2547 435 2596 cle.
449 2563 637 2608 .....reprerso
656 2544 747 2596 Crono
762 2545 854 2608 fupcci
871 2563 896 2609 p.
908 2574 938 2583 -
959 2579 1137 2595 ............
1147 2546 1153 2609 ]
1166 2546 1205 2609 B.3
1220 2560 1319 2596 versus

169 2630 246 2678 19-22
263 2628 305 2678 ita
321 2627 448 2692 corrupti
465 2632 533 2677 sunt
551 2631 584 2676 ut
600 2627 657 2677 sere
674 2626 730 2676 duo
755 2631 807 2676 cut
823 2626 880 2676 tria
896 2631 1011 2676 tantum
1028 2627 1167 2678 vocabula
1184 2630 1258 2676 certe
1275 2625 1319 2676 di-

168 2708 279 2772 stingui
295 2707 409 2772 possint.
426 2709 459 2757 In
477 2708 532 2757 fine
548 2707 666 2758 alterius
682 2713 710 2757 et
727 2707 852 2758 vicesimi
867 2723 965 2756 versus
977 2712 1019 2756 est
1031 2707 1059 2756 in
1072 2706 1131 2758 cod.
1143 2707 1319 2769 MrSScOnM,

169 2789 217 2839 ubi
236 2790 354 2839 Franck.
370 2795 405 2852 (p.
418 2790 474 2850 243)
487 2788 569 2852 legit:
588 2789 717 2837 commisso
730 2805 785 2836 cum
796 2787 824 2850 (i.
836 2804 858 2837 e.
870 2789 995 2836 comoriaco
1007 2805 1061 2837 cum
1073 2787 1192 2838 Fimbria
1199 2789 1322 2852 praelio)3

168 2869 225 2933 sed,
235 2871 287 2921 hac
299 2871 469 2922 correctione
480 2868 616 2931 adhibita,
629 2869 715 2919 etiam
725 2888 737 2917 c
749 2869 844 2918 deuicto
856 2886 932 2930 neque
943 2870 1021 2917 occiso
1034 2888 1046 2916 »
1057 2870 1139 2931 (cod.)
1150 2867 1322 2919 mutandum

167 2957 209 3000 est
227 2952 256 3000 in
273 2970 286 2997 «
300 2951 408 3001 deuictus
424 2967 500 3012 neque
516 2952 609 2999 occisus
620 2968 641 3012 u,
660 2950 700 3000 ita
717 2954 751 3000 ut
774 2950 944 2999 habeamus:
970 2952 1098 2999 cornmicco
1123 2967 1180 2999 cum
1203 2950 1322 2999 Fimbria

166 3032 267 3093 proelio
281 3033 386 3094 infelici,
403 3039 441 3081 ter
457 3032 568 3081 devictus
583 3048 660 3093 neqiue
676 3033 777 3090 occicus,
794 3031 869 3094 quod
888 3031 1013 3080 intentu
1031 3030 1201 3094 scripsimus.
1214 3059 1241 3067 —
1254 3031 1320 3092 iufe-

169 3114 217 3163 lici
231 3114 276 3178 ter]
294 3115 332 3178 B.;
346 3113 479 3175 infeliciter
495 3129 520 3177 p.
538 3142 566 3150 —
583 3130 639 3162 cum
657 3110 778 3176 Metellus]
791 3113 829 3173 B,
845 3112 902 3174 qui,
918 3109 1040 3161 codicem
1056 3111 1152 3173 secuti,
1170 3111 1318 3175 praebent:

169 3193 288 3243 Fimbria
301 3194 401 3256 proelio
417 3194 514 3256 infelici
529 3199 567 3243 ter
583 3193 678 3244 deuicto
695 3210 771 3254 neque
787 3193 869 3242 occiso
887 3209 944 3241 cum
962 3192 1082 3242 Metellus·
1092 3196 1130 3255 (v.
1147 3195 1257 3254 comm.)

226 3440 261 3491 A·
283 3440 313 3495 C.
337 3436 464 3500 Cassius]
484 3438 531 3493 Sic
545 3439 679 3494 conicere
692 3437 764 3493 licat
783 3457 801 3493 a
819 3439 939 3493 nomina
965 3438 1115 3496 «Cossio»
1136 3435 1213 3509 quod
1228 3437 1316 3509 paulo

170 3525 251 3582 infra
268 3530 299 3581 in
319 3527 381 3582 cod.
395 3529 548 3600 perspicue
563 3528 683 3599 legitur.
698 3527 753 3594 Qui
769 3530 794 3584 is
808 3528 900 3582 suerit
915 3546 973 3583 non
988 3528 1082 3598 liquet
1095 3529 1198 3598 (puelle
1219 3528 1318 3584 Croesi

169 3634 275 3672 iconion
289 3617 469 3672 substitueric
482 3617 607 3673 Franck.
622 3636 647 3689 p.
661 3618 734 3688 257).
748 3650 781 3658 -
795 3620 843 3673 Aa
852 3636 936 3688 quem
952 3621 986 3672 P.
1006 3618 1143 3672 nuntium
1158 3648 1189 3658 -
1208 3616 1316 3690 Cossio]

170 3706 296 3761 Videtur
309 3708 483 3762 Licinianus
497 3707 545 3761 hic
562 3724 685 3761 narrare
699 3707 769 3776 quid
784 3710 814 3761 in
830 3707 952 3778 Pompei
967 3706 1160 3761 tabernaculo
1173 3705 1316 3760 acciderit

168 3795 290 3852 decreto
309 3803 433 3852 senatus
452 3798 600 3851 nuntiato.
620 3827 653 3839 -
673 3796 735 3852 eius
746 3797 843 3866 plinus
856 3828 888 3838 -
904 3814 962 3852 uon
982 3794 1102 3868 destitit]
1120 3797 1157 3853 cf.
1170 3795 1233 3850 lul.
1249 3795 1317 3850 Obs.

167 3886 239 3957 (itit
258 3890 360 3943 lectum
378 3887 440 3942 eius
455 3889 584 3960 populus
602 3885 737 3956 diripuit,
757 3903 863 3956 corpus
882 3903 957 3941 unco
977 3886 1079 3941 traicit.

223 3976 256 4030 B.
266 3974 437 4049 vrrlparilcr]
449 4001 481 4023 =
493 3979 744 4046 nullocpparolu3
756 3993 784 4030 v.
795 3975 860 4031 niv.
874 3976 908 4030 cli
920 3976 978 4031 Fit.
995 3976 1012 4028 l.
1027 3993 1065 4032 m.
1079 3974 1317 4045 -Pompeiartos

170 4064 307 4138 traducit}
317 4063 352 4118 ld
371 4066 466 4120 tradit
485 4064 567 4121 solus
585 4066 768 4120 Licinianus.
781 4096 811 4105 -
823 4065 923 4135 copias
929 4062 1120 4137 produceret]
1135 4064 1275 4119 Metellus
1286 4071 1317 4119 et

169 4154 313 4211 Octavius
323 4155 468 4209 Marianis
477 4172 542 4209 sese
553 4158 756 4226 opposuerunt
770 4154 807 4207 ud
819 4160 949 4208 montem
963 4154 1113 4207 Albanum
1123 4154 1209 4225 (App.
1221 4154 1317 4224 69).-

171 4260 239 4298 cum
252 4243 355 4298 milites
372 4275 403 4284 -
424 4241 634 4315 resalutantur]
648 4242 749 4296 Etiam
764 4242 830 4297 Liv.
848 4245 1026 4314 epitomator
1047 4244 1122 4311 (Per.
1137 4243 1184 4315 80)
1203 4259 1316 4312 rempu·
1380 4268 1383 4272 >

169 4332 277 4386 blicam
291 4331 492 4387 Ginnauorum
507 4334 537 4386 in
551 4349 656 4386 manus
674 4334 875 4387 tuncvcnisse
887 4336 1017 4386 testatur
1035 4334 1154 4403 propter
1163 4330 1315 4401 nequitiem

169 4426 197 4478 et
205 4422 360 4493 perfidiam
380 4423 487 4478 ducum
502 4425 528 4477 et
546 4420 675 4477 militum
690 4420 742 4492 qui
754 4421 887 4492 corrupti
900 4424 953 4476 (rut
961 4438 1099 4493 pupucrc
1112 4424 1246 4477 nolebant
1263 4424 1317 4475 aiut
