3309 5167
705 692 814 806 sure.
843 692 1014 768 xxxv.

282 967 284 971 ⁴
361 975 433 1041 For.
458 975 522 1039 III
542 996 580 1056 r,
601 995 679 1060 pay.
707 977 754 1039 39
771 996 819 1060 p,
840 995 920 1059 pay.
946 975 993 1038 29
1017 975 1056 1038 Β.

295 1136 337 1200 Α.
361 1134 476 1219 itaque
493 1158 554 1221 per
571 1133 703 1218 aliquot
719 1132 791 1197 dies
807 1132 978 1197 exercitus
1003 1132 1076 1195 sine
1101 1130 1185 1195 duce
1202 1129 1281 1196 fuit.
1298 1113 1332 1194 et
1348 1129 1428 1214 quia

362 1241 476 1308 sanari
501 1241 605 1306 nimis
630 1242 723 1305 lente
747 1240 939 1327 videbatur,
966 1240 1141 1304 decretum
1166 1246 1217 1304 est
1240 1245 1279 1303 ut
1296 1240 1332 1304 C.
1351 1240 1428 1303 Cas-

283 1375 286 1379 ·
363 1349 432 1413 sius
456 1347 491 1412 in
518 1355 629 1413 castra
653 1346 776 1412 missus
808 1347 998 1412 exercitum
1030 1345 1226 1433 susciperet,
1263 1345 1345 1409 dum
1368 1344 1428 1409 ille

362 1456 625 1521 convalesceret.
651 1453 820 1540 adquam
845 1454 1031 1542 Pompeius
1055 1454 1219 1518 nuntium
1235 1459 1377 1540 repente
1393 1474 1427 1516 se

284 1552 287 1557 ’
362 1562 466 1647 erigit
491 1610 654 1628 ........
671 1617 674 1624 ,
692 1612 1125 1630 ....................
1151 1583 1222 1625 esse
1246 1564 1427 1624 contentus

362 1719 1041 1738 ...............................
1070 1667 1305 1733 adulescentes
1330 1669 1428 1732 Pom-

362 1777 439 1864 peio
465 1827 585 1843 ......
601 1831 604 1836 .
622 1827 765 1844 .......
772 1807 775 1814 ·
779 1826 1143 1843 .................
1171 1773 1298 1841 Cassio
1324 1773 1426 1839 tertio

361 1890 439 1973 post
463 1883 565 1948 illum
590 1883 680 1948 diem
705 1884 890 1971 Pompeius
914 1883 1076 1969 spiritum
1093 1879 1219 1947 reddit.
1235 1881 1307 1946 eius
1324 1880 1427 1945 funus

361 1992 509 2078 populus
523 2041 530 2054 .
546 2041 572 2055 ..
589 2042 595 2054 .
613 2043 618 2055 .
635 2043 640 2054 .
659 1977 671 2055 .'
680 2042 688 2058 .
703 2042 730 2058 ..
757 1990 911 2077 diripuit,
938 1995 1178 2075 mortuumque
1201 1990 1290 2054 lecto
1315 1988 1428 2053 decus-

361 2121 436 2163 sum
460 2120 522 2183 per
545 2120 690 2162 caenum
704 2096 840 2163 trahere
856 2120 926 2162 non
944 2096 1087 2162 destitit.
1114 2096 1274 2161 omnibus
1291 2118 1429 2160 consen-

360 2204 527 2269 tientibus
552 2203 695 2289 dignam
712 2205 805 2280 caelo
822 2227 969 2291 poenam
986 2210 1021 2268 et
1036 2203 1201 2290 perfidiae
1214 2209 1248 2267 et
1261 2189 1428 2268 avaritiae

361 2310 547 2398 pessimum
572 2309 748 2375 hominem
769 2310 983 2397 expendisse.
1007 2310 1066 2375 sed
1089 2316 1203 2397 patres
1227 2316 1261 2375 et
1284 2307 1425 2393 tribuni,

284 2420 512 2505 ·B.'repressa
535 2417 770 2510 multitudine,
796 2418 942 2484 cadaver
963 2421 966 2504 i
988 2441 1090 2505 super
1105 2417 1249 2503 ingestis
1266 2421 1427 2481 texerunt

359 2525 521 2610 vestibus,
547 2525 782 2610 traditumque
805 2509 858 2590 est
879 2521 1102 2590 inlecticula
1133 2524 1326 2610 vulgariter
1349 2546 1427 2588 eum

360 2633 490 2696 elatum
513 2632 709 2718 sepulturae
734 2632 863 2698 datum.
882 2633 1111 2719 Pompeianos
1136 2631 1299 2697 Octavius
1315 2631 1353 2695 in
1366 2653 1427 2694 sua

357 2744 469 2803 castra
493 2737 656 2804 traducit.
681 2745 715 2803 et
732 2739 848 2826 copias
872 2740 1033 2804 Metellus
1050 2744 1169 2804 contra
1187 2739 1334 2804 Cinnam
1352 2760 1428 2824 pro-

358 2844 512 2928 duxerat,
538 2867 616 2909 cum
648 2844 777 2910 milites
802 2854 943 2933 repente
966 2846 1144 2912 ordinibus
1168 2845 1251 2910 totis
1276 2846 1425 2909 clamore

357 2952 546 3017 exercitum
570 2952 703 3017 Cinnae
726 2954 882 3021 salutant
905 2961 940 3019 et
962 2955 1207 3019 resalutantur.
1231 2953 1373 3018 territus
1390 2976 1426 3017 re

357 3081 448 3124 nova
471 3059 632 3123 Metellus
655 3059 845 3125 exercitum
871 3061 1005 3126 reducit
1028 3067 1131 3146 atque
1154 3061 1227 3147 ipse
1252 3061 1344 3125 inter
1359 3060 1427 3146 pri-

359 3188 433 3230 mos
458 3165 501 3230 ad
524 3165 673 3231 Cinnam
690 3167 732 3231 de
748 3189 832 3254 pace
857 3168 1011 3254 legatum
1028 3170 1067 3234 P.
1085 3169 1245 3233 Crassum
1262 3167 1427 3235 decernit.

359 3295 511 3358 regresso
536 3273 725 3341 Crasse...
743 3298 781 3340 ao
806 3274 967 3361 iurgante
991 3299 1070 3340 cum
1094 3275 1234 3340 Metello
1260 3326 1424 3342 ........

360 3487 541 3553 commisso
566 3511 644 3552 cum
674 3490 831 3556 Fimbria
859 3490 991 3578 proelio
1014 3490 1158 3577 infelici,
1188 3497 1241 3556 ter
1270 3489 1426 3557 devictus

358 3616 468 3679 neque
492 3594 631 3682 occisus,
659 3619 736 3660 cum
760 3599 921 3663 Metellus
937 3651 945 3666 .
963 3650 971 3666 .
986 3654 991 3663 .
1008 3651 1014 3663 .
1036 3594 1105 3666 ᾖ...
1123 3650 1131 3666 .
1148 3651 1151 3660 .
1170 3648 1427 3666 ............

332 3900 364 3946 Α.
379 3895 577 3960 Compluribus
593 3895 679 3947 huius
695 3898 842 3951 columnae
867 3899 934 3950 loeis
958 3898 1044 3950 codex
1062 3905 1113 3950 aut
1129 3898 1249 3950 mutilus
1266 3905 1318 3950 aut
1334 3914 1432 3949 corru-

285 3982 351 4040 ptus
368 3981 417 4027 est.
433 4005 462 4013 —
479 3978 564 4037 itaque
571 3978 630 4042 per]
643 3979 673 4027 B.
687 4015 707 4022 -
721 3982 847 4030 exereitus
858 4009 887 4017 —
900 3980 1088 4046 convalesceret]
1101 3980 1140 4031 sic
1153 3981 1246 4044 potius
1262 3980 1432 4030 sententiam

284 4073 369 4121 quam
386 4060 498 4107 textum
516 4053 568 4105 loci
586 4057 681 4107 mutili
698 4066 726 4109 et
742 4060 949 4124 corruptissimi
961 4061 1149 4111 restituerunt
1165 4062 1202 4123 B.,
1219 4059 1274 4109 nisi
1292 4062 1365 4123 quod
1382 4059 1432 4108 ubi

283 4137 325 4187 illi
339 4156 351 4184 u
364 4138 426 4199 orsio
441 4136 532 4185 sanari
546 4152 595 4184 non
609 4154 681 4198 posce
698 4140 829 4190 uidebatur
841 4160 853 4189 »
869 4141 1006 4202 scribunt,
1024 4157 1098 4190 nos«
1112 4142 1173 4201 oreta
1183 4142 1275 4189 sanari
1284 4141 1359 4190 uineis
1371 4139 1434 4188 iente

282 4219 433 4269 ridebatur»
455 4214 614 4279 conicimus,
633 4235 698 4269 nam
715 4222 745 4270 Β.
758 4221 840 4271 lectio
851 4238 915 4272 cum
927 4221 1055 4286 sequenti
1072 4222 1153 4269 «dum
1168 4221 1212 4270 ille
1228 4220 1405 4271 convalesceret
1417 4240 1431 4264 u

283 4300 387 4351 mirum
399 4299 429 4350 in
441 4299 555 4353 modum
565 4304 684 4363 pugnat.
692 4328 721 4337 -
731 4301 767 4351 ad
777 4318 849 4363 quem
861 4303 999 4363 Pompeius
1014 4302 1135 4364 viantium]
1146 4302 1183 4365 B.;
1194 4302 1230 4349 od
1241 4318 1317 4362 qoam
1331 4300 1362 4349 P.
1379 4316 1435 4349 rem

282 4381 392 4432 Keilius
408 4386 443 4446 (p.
456 4383 513 4446 617)
515 4412 681 4435 .........
695 4382 751 4433 duo
762 4383 849 4434 verbo
861 4398 933 4446 quae
944 4386 1007 4446 post
1021 4398 1069 4432 «ae
1079 4382 1155 4443 eriyit
1168 4398 1180 4428 o
1193 4382 1284 4444 prima
1296 4381 1326 4431 in
1338 4379 1433 4431 codice
