3309 5167
688 305 849 364 ...61-

156 506 163 509 ,
195 438 294 511 lippus
313 455 393 494 cous.
414 455 440 494 a.
455 438 509 493 666
527 454 620 496 senex
639 456 662 505 a,
677 437 824 492 Marianis
843 435 980 507 partibus
1007 435 1043 489 ad
1071 435 1209 491 Sullanas
1236 442 1339 490 trans·

194 544 319 597 gressus
338 532 392 582 est.
413 526 468 580 Vir
486 542 563 593 acer,
578 524 739 588 violentus,
759 523 939 589 luxuriosus,
954 522 1005 577 scd
1020 525 1062 578 rei
1079 524 1214 593 publicae
1226 525 1341 594 peritus

194 624 228 670 et
248 617 376 685 eximius
395 622 497 669 orator
517 615 577 668 fuit
594 614 643 685 (de
663 632 697 668 eo
717 632 744 668 ν.
765 614 860 667 Cicer.
879 614 914 667 de
933 613 982 681 off.
1003 613 1024 680 Ι,
1045 613 1088 679 60,
1103 613 1142 676 ΙΙ,
1156 614 1340 681 21;deorut.

194 704 221 769 Ι,
236 705 261 771 7,
282 706 306 771 1,
326 703 422 771 Ι11,3,
441 704 476 771 4;
497 706 579 758 Brut.
601 704 622 770 Ι,
645 704 696 757 166
716 709 786 772 etc,
806 703 913 757 Horat.
936 702 1028 773 Epist.
1041 703 1064 769 Ι,
1077 702 1102 769 7,
1121 702 1176 774 46).
1192 733 1224 743 -
1238 702 1341 756 militas

195 781 320 866 irtintici]
340 792 425 863 Apud
439 792 610 847 Ciceronem
623 794 653 863 (1.
669 793 719 863 m.)
737 795 848 851 «Sulla
866 793 958 847 victor
972 816 996 845 ι.
1011 823 1045 833 -
1058 792 1201 847 iustitium
1220 823 1248 833 -
1262 794 1340 847 laare-

195 881 277 955 runt]
296 882 379 936 Haec
399 898 485 936 nova.
507 910 541 922 -
564 880 718 953 iustitium]
741 882 815 935 iuris
834 879 951 935 dicendi
971 880 1155 935 intermissio
1174 897 1251 950 quae
1276 880 1342 934 fieri

196 971 314 1026 solebat
333 969 502 1041 in'publico
521 971 603 1025 luctu
624 977 654 1024 et
674 970 855 1040 reipublicae
883 970 1113 1025 calamitatibus.
1138 1001 1170 1011 -
1193 968 1343 1042 taxarunt]

195 1077 303 1115 verum
322 1062 363 1116 sit
382 1076 476 1114 necne
494 1064 645 1116 matronae
663 1064 720 1115 toto
737 1077 817 1115 anuo
836 1060 947 1115 luxisse
962 1077 1029 1113 eum
1060 1061 1144 1114 cuius
1164 1058 1342 1113 crudelitate

197 1149 312 1203 multae
331 1149 409 1214 filios
437 1151 578 1220 virosque
598 1151 779 1214 ainiserant‚
807 1148 939 1203 dubitari
969 1156 1082 1219 potest,
1111 1150 1232 1203 omnino
1251 1156 1343 1219 negat

196 1239 404 1293 Franckenius
431 1240 470 1309 (p.
494 1241 568 1309 261).
588 1270 620 1281 ·-
640 1240 673 1294 in
691 1257 794 1309 carnpo
812 1269 845 1279 -
877 1238 1053 1312 frequentia]
1072 1241 1108 1293 ci.
1129 1240 1193 1292 Liv.
1211 1256 1271 1309 per.
1291 1240 1342 1295 90:

196 1331 283 1386 Sada
301 1328 421 1383 decessit
439 1332 585 1400 honosque
602 1329 629 1383 ei
646 1345 665 1382 6
683 1332 785 1383 senatu
804 1329 920 1383 babitus
939 1333 980 1382 art
999 1332 1031 1382 ut
1049 1328 1081 1383 ia
1102 1330 1212 1398 Campo
1231 1327 1343 1382 Martio

197 1418 375 1488 sepeliretur.
403 1417 447 1473 De
475 1419 530 1472 hoc
557 1418 662 1472 tunere
690 1419 806 1489 copiose
836 1417 961 1471 tradunt
981 1421 1134 1488 Appianas
1162 1424 1193 1472 et
1221 1418 1343 1471 Plutar-

199 1508 274 1562 chus
293 1510 323 1579 (l.
342 1511 399 1579 m).
415 1539 442 1546 -
457 1506 542 1562 cuius
555 1523 621 1577 repo
634 1537 668 1548 -
682 1511 722 1562 est
735 1506 891 1581 insecutam]
913 1507 990 1560 llut.
1004 1507 1150 1577 (1.6.)66
1169 1512 1245 1579 πυρὸς
1259 1508 1343 1561 ἀπιόν-

199 1615 243 1659 τος
264 1597 412 1668 ἐγχυθῆναι
430 1597 507 1650 πολὺν
527 1595 623 1669 ’ὄμβρον
641 1599 684 1650 aui
702 1605 838 1668 κατασχεῖν
865 1598 927 1669 ἄχρι
948 1599 1046 1659 νυκτός.
1066 1626 1100 1637 -
1116 1596 1252 1654 Sallustii
1270 1612 1344 1666 opus

209 1717 236 1726 -
253 1684 428 1758 disserendo]
447 1685 483 1740 de
502 1692 567 1739 toto
586 1685 641 1740 hoc
660 1686 724 1739 loco
738 1703 766 1740 ν.
777 1685 842 1741 ieta.
861 1687 895 1740 dt
914 1686 972 1741 Fit.
990 1687 1009 1739 l.
1032 1704 1074 1740 m.
1089 1704 1115 1757 p,
1129 1687 1182 1739 276
1195 1692 1296 1755 etseq.
1313 1716 1343 1727 -

199 1775 336 1833 Sadartit
353 1774 435 1849 opus]
454 1777 471 1829 i.
492 1792 516 1829 e.
536 1775 741 1830 Historiarum
764 1776 831 1829 libri
850 1777 980 1845 quinque
1000 1776 1037 1829 ab
1057 1775 1207 1829 6666676
1227 1776 1280 1846 (M.
1292 1775 1344 1829 Le·

201 1864 269 1935 pido
288 1863 320 1930 Q.
340 1864 447 1919 Catulo
466 1865 553 1936 coss.)
572 1881 665 1934 usque
685 1863 722 1918 ad
741 1881 853 1918 annum
873 1864 935 1928 687,
954 1865 1069 1935 quibus,
1090 1864 1168 1935 quod
1198 1864 1236 1918 ad
1256 1870 1345 1917 mate·

202 1956 278 2008 riam
298 1956 417 2021 attinet,
428 1954 569 2009 Sisennae
589 1956 724 2008 narratio
743 1953 982 2008 continuabatur.
998 1954 1062 2020 Quo
1085 1961 1218 2025 tempore
1232 1954 1261 2007 bi
1277 1954 1344 2006 libri

202 2043 275 2097 editi
294 2045 356 2098 sint
376 2044 522 2097 incertum
543 2049 598 2111 est,
618 2042 669 2097 sed
691 2043 791 2114 procul
811 2041 901 2096 dubio
920 2053 989 2114 post
1010 2044 1153 2100 Catilinae
1172 2043 1345 2098 coniuratio·

202 2150 268 2188 666
287 2136 314 2187 et
332 2133 447 2187 Bellum
467 2133 684 2202 lupertianum,
698 2150 776 2186 anno
792 2131 921 2186 fortasse
947 2134 999 2186 714
1019 2151 1046 2186 u.
1065 2150 1089 2187 c.
1110 2133 1153 2188 De
1176 2133 1263 2186 buius
1283 2150 1346 2202 ope·

202 2224 244 2277 ris
263 2224 392 2293 epitome
411 2239 445 2275 ac
464 2221 500 2275 de
520 2221 655 2292 reliquiis
675 2240 702 2275 v.
722 2219 1013 2275 Teuffel-Schwabe.
1036 2224 1133 2277 Gescb.
1156 2222 1192 2277 it.
1211 2225 1245 2275 L.
1266 2224 1288 2275 1.
1310 2225 1344 2277 Β.

202 2314 220 2382 ξ
238 2312 308 2379 205,
328 2313 353 2365 4.
377 2342 407 2353 -
428 2329 525 2366 inurar
543 2315 569 2366 et
589 2328 648 2366 666
668 2312 811 2382 urpeutiu]
845 2313 861 2363 i.
890 2328 913 2365 e.
934 2313 1099 2379 orationes,
1119 2310 1344 2381 descriptiones

203 2401 354 2472 epistolas,
369 2400 406 2455 de
425 2403 489 2456 vita
502 2401 656 2455 hominum
671 2409 702 2455 et
716 2401 848 2455 moribus
860 2400 1088 2470 disputationes,
1104 2403 1203 2454 omnia
1218 2400 1345 2470 denique

203 2508 279 2561 quae
289 2492 492 2545 continentem
506 2508 606 2545 rerum
621 2492 823 2545 narrationem
837 2490 1002 2560 impediunt
1013 2493 1345 2561 atqueinterrumpunt.

203 2610 237 2621 -
256 2597 327 2635 nam
347 2611 380 2620 -
400 2578 561 2652 tepentium]
581 2578 645 2644 Qua
664 2585 765 2634 aetate
784 2584 815 2634 et
828 2597 846 2632 6
859 2579 967 2649 quibus
981 2580 1150 2634 homiuibus
1164 2580 1219 2634 hoc
1232 2580 1267 2634 66
1281 2580 1346 2633 Sal-

203 2668 295 2724 lustio
313 2667 455 2723 iudicium
475 2668 539 2722 fieri
559 2676 660 2739 posset
679 2668 810 2724 diximus
829 2670 859 2721 in
880 2668 945 2724 etv.
964 2669 998 2723 di
1015 2670 1070 2723 Fit.
1092 2669 1110 2722 l.
1131 2687 1167 2722 m.

258 2758 291 2812 B.
308 2763 437 2829 tempora
455 2776 517 2829 rep.
538 2757 603 2831 suu]
623 2760 700 2811 utin
715 2758 790 2812 libro
803 2757 840 2812 de
853 2758 999 2812 Catilinae
1014 2760 1227 2812 coniuratione.
1249 2789 1280 2798 -
1295 2762 1346 2813 doc

204 2846 305 2921 penus]
315 2865 343 2902 v.
354 2847 452 2902 Madv.
463 2847 596 2901 Gramm.
609 2848 643 2901 L.
654 2848 741 2918 §238
754 2878 786 2888 -
797 2849 850 2902 dut
859 2848 890 2901 tn
902 2846 1031 2919 cerasum]
1042 2847 1071 2900 Si
1090 2846 1208 2917 quidem
1221 2848 1348 2902 Licinia·

205 2954 262 2991 nus
275 2938 318 2991 sic
331 2938 459 3007 scripsit,
470 2936 548 3006 quod
561 2954 620 2991 uon
636 2936 872 3003 adfirmaverim,
883 2944 930 2991 est
946 2937 1015 2998 dani
1030 2936 1169 3008 εἰρόμενον,
1190 2936 1267 3007 apud
1281 2937 1346 2990 Liv.
1378 2921 1381 2925 Α

206 3027 267 3097 (39,
286 3026 333 3099 44)
347 3049 359 3074 ι
372 3026 481 3095 referre
499 3025 532 3080 in
542 3043 680 3082 ceresam»
704 3033 766 3093 est,
786 3025 837 3080 sed
858 3044 916 3080 non
941 3026 1088 3079 translate
1108 3033 1292 3096 usurpatum.
1313 3057 1346 3065 -

212 3119 317 3173 Verum
336 3116 429 3170 ubi-
449 3114 612 3189 coeperunt]
625 3116 682 3171 Vix
702 3115 800 3170 Sullae
819 3116 910 3170 66666
930 3116 1110 3170 celebratum
1126 3123 1191 3169 erat
1205 3135 1270 3169 cum
1291 3117 1347 3168 tri-

206 3205 277 3260 buni
297 3206 391 3277 plebis
409 3224 427 3259 a
446 3205 621 3260 consulibus
639 3206 691 3276 (M.
710 3204 839 3259 Aemilio
858 3205 970 3276 Lepido
990 3212 1020 3259 et
1039 3206 1071 3271 Q.
1091 3206 1215 3259 Lutatio
1228 3204 1347 3276 Catulo)

207 3300 352 3366 expetunt
371 3299 404 3348 ut
423 3294 584 3348 tribunicia
603 3302 736 3365 potestas
755 3312 772 3347 6
792 3294 874 3348 Sulla
893 3294 1047 3348 deminuta
1066 3297 1095 3349 in
1118 3296 1276 3365 pristinum
1290 3302 1349 3349 sta·

207 3389 272 3438 tum
294 3385 481 3439 restituatur.
505 3381 561 3437 Sed
583 3381 612 3436 id
639 3379 792 3449 tale'erat,
814 3390 848 3436 ut
869 3400 906 3437 ne
928 3383 1039 3454 Lepido
1059 3383 1177 3453 quidem
1208 3383 1347 3454 placeret,

207 3474 345 3543 quamvis
365 3471 551 3543 popularium
571 3474 702 3542 partium
722 3470 950 3539 studiosissimo,
965 3472 1043 3542 quod
1064 3473 1255 3526 tribuniciam
1269 3478 1348 3543 pote·

207 3567 327 3630 statem,
346 3562 443 3632 qualis
462 3562 562 3615 fuerat
580 3567 651 3616 ante
670 3561 824 3616 Sullanam
845 3563 1017 3626 victoriam,
1038 3563 1087 3631 qui
1114 3579 1177 3616 rem
1199 3562 1346 3632 publicam

208 3650 361 3721 regebant,
380 3653 513 3706 cuiusvis
524 3652 619 3722 partis
630 3657 740 3718 essent,
750 3650 806 3706 sibi
821 3650 1043 3705 formidolosam
1057 3651 1270 3705 existimabant
1284 3651 1348 3722 (cfr.

208 3740 277 3795 Sall.
287 3741 363 3796 Hert.
377 3742 402 3809 3,
413 3742 455 3807 61,
469 3742 501 3794 12
512 3741 654 3811 Dietsch).
666 3739 731 3794 Non
745 3746 826 3794 recte
838 3742 933 3811 igitur
948 3740 1074 3794 Franck.
1089 3744 1127 3811 (p.
1141 3741 1213 3809 247),
1228 3740 1351 3794 Lincke·

208 3831 271 3885 rius
289 3830 328 3901 (p.
347 3830 412 3900 638)
431 3835 486 3884 etc.
505 3829 747 3898 (Dieckmannus,
762 3831 861 3884 nescio
875 3828 1029 3898 quomodo,
1045 3835 1141 3883 totum
1158 3829 1237 3883 hunc
1252 3829 1348 3882 locum

209 3920 355 3991 neglexit)
367 3920 557 3973 Licinianum
573 3918 756 3989 exprobrant
770 3917 848 3988 quod
867 3919 1011 3990 Lepidum
1028 3925 1094 3990 post
1107 3929 1234 3972 mortem
1249 3919 1349 3972 Sullae

209 4011 295 4081 quasi
315 4011 505 4081 optimatium
521 4026 628 4063 causae
641 4016 895 4079 propugnatorem
909 4008 1067 4063 effinxerit.
1081 4008 1207 4078 Neqavit
1219 4009 1350 4078 Lepidus

208 4102 264 4171 (ita
282 4100 374 4154 verba
402 4100 549 4153 Liciniani
574 4097 776 4168 intellegenda
795 4102 879 4168 sunt)
898 4100 997 4153 utilem
1018 4116 1077 4153 esre
1096 4099 1211 4154 restitut
1230 4099 1349 4154 tribuni·

209 4190 285 4245 ciam
302 4191 480 4259 potestatem,
492 4190 543 4243 sed
562 4191 589 4242 et
606 4190 693 4258 lepem
710 4185 936 4254 frumentariam
953 4188 1076 4255 adeptas
1090 4190 1132 4242 cst
1144 4190 1170 4241 et
1183 4190 1276 4241 metita
1289 4187 1350 4241 alia

208 4279 358 4350 pollicitus
376 4283 432 4333 etc.
452 4279 492 4350 (u.
512 4277 614 4349 Lange
634 4281 669 4333 R.
689 4280 745 4334 Ait.
765 4278 820 4332 III.
840 4278 857 4346 §
877 4277 940 4347 147)
952 4308 984 4318 -
996 4275 1135 4349 Lepidus]
1151 4276 1190 4331 M.
1204 4277 1349 4331 Aemilius

209 4367 340 4441 Lepidus
359 4385 396 4424 ex
415 4369 606 4438 optimatium
625 4365 761 4438 partibus
780 4364 818 4420 ad
837 4366 994 4437 populares
1014 4368 1178 4422 transierat
1197 4383 1234 4420 ne
1254 4365 1289 4419 de
1309 4383 1350 4421 re·
