3309 5167
778 271 941 328 ..54-

284 407 373 452 verunt
389 418 500 464 rrrqrrarn
513 419 526 449 r>
543 404 577 458 (v.
594 399 651 461 3-6)
668 400 743 450 «iam
759 400 818 450 urbi
835 417 890 449 cunr
914 399 999 449 adure
1008 434 1094 450 ......
1105 398 1153 448 dus
1171 397 1275 460 (aduret
1292 396 1441 461 lepidust)
1488 402 1492 410 '

285 482 474 544 leputuussuum
487 497 549 543 pru.
560 482 640 530 usus»
651 516 657 529 .
668 516 690 529 ..
701 520 706 529 .
719 515 740 529 ..
757 480 877 542 (leuatum
892 496 965 528 suum
977 480 1146 541 praemissum
1153 480 1179 540 t]
1199 506 1230 515 -
1248 494 1310 526 uum
1323 482 1388 529 erntl
1406 477 1437 528 in

285 567 411 612 extremo
429 576 512 612 versu
530 559 685 612 undecimo.
697 583 726 600 -ι-
736 560 897 612 turbulentus]
914 560 960 623 Β,;
977 558 1210 610 lUNrUerTUS
1226 555 1286 607 cod.
1299 559 1436 620 —iuquie-

285 648 323 692 tus
340 659 365 706 p.
376 669 408 681 -
418 677 424 690 .
435 645 530 694 .....]
547 655 618 691 vers.
630 641 711 690 13-15.
722 668 751 678 -
762 641 946 702 pecuniamque
961 642 988 688 in
1004 639 1144 688 aerarium]
1161 639 1191 688 Β.
1208 638 1290 692 (vers.
1307 639 1355 699 16).
1366 667 1397 675 -
1410 675 1416 687 .
1430 675 1436 689 .
1508 667 1539 688 fl
1548 653 1562 670 r

287 759 307 772 ..
318 758 324 771 .
334 758 339 772 .
351 762 356 772 .
367 726 391 776 .]
408 738 478 772 vers.
498 722 579 783 17-24,
598 721 648 771 ubi
665 721 733 772 haec
749 725 865 771 tuntum
876 720 1029 785 leguntur:
1045 720 1187 769 sacerdotes
1201 725 1242 782 (v.
1259 720 1306 782 17),
1318 726 1345 769 ut
1364 726 1435 770 ratus

285 821 298 853 e
314 808 352 867 (ut
367 809 439 852 ratus
454 804 520 865 esti)
536 807 574 864 (v.
592 803 639 864 18),
656 801 804 863 dipuitmrn
820 803 911 850 iterum
926 800 1069 863 (v.19).-

343 1104 377 1157 A.
397 1100 566 1176 rescindere]
585 1101 621 1156 cf.
640 1101 706 1156 Liv.
724 1117 785 1171 per.
804 1101 857 1156 90:
876 1104 920 1157 M.
939 1101 1070 1172 Lepidus
1089 1118 1155 1156 cum
1168 1104 1236 1157 actu
1254 1103 1356 1160 Sullae
1369 1106 1433 1159 tern-
1487 1102 1492 1105 ’

287 1194 383 1263 piaret
400 1191 569 1245 rescindere.
589 1218 623 1231 -
639 1187 796 1262 restituere]
815 1189 851 1242 cf.
871 1191 945 1260 App.
958 1191 1004 1260 (B.
1020 1192 1049 1247 0.
1065 1190 1089 1256 I,
1105 1191 1167 1261 107)
1180 1190 1291 1253 Λέπιδος
1312 1193 1357 1245 καὶ
1375 1195 1435 1255 τοὺς

289 1280 433 1341 Ἰταλικοὺς
452 1280 665 1351 npcorrntor'rperog
684 1277 771 1350 ’ἔλεγεν
791 1278 830 1330 ὅτι
848 1282 895 1349 τὴν
913 1288 966 1351 γῆν
985 1278 1081 1343 αὐτοῖς,
1103 1279 1137 1352 ἣν
1158 1281 1172 1333 b
1191 1278 1293 1342 Σύλλας
1311 1281 1435 1353 ἀφῄρετο,

289 1369 427 1424 ἀποδώσει.
446 1367 527 1421 Sulla
540 1367 619 1421 enim
635 1367 743 1438 viginti
759 1372 873 1438 septem
890 1367 1023 1438 legiones
1046 1369 1077 1421 in
1099 1385 1189 1439 agros
1215 1375 1318 1439 captos
1342 1368 1435 1424 dedu-

289 1464 376 1512 xerat
395 1463 426 1512 et
445 1474 496 1511 eos
514 1457 561 1511 his
580 1456 726 1511 diviserat
739 1456 786 1526 (cf.
810 1456 875 1511 Liv.
895 1473 960 1526 per.
979 1457 1032 1510 89:
1053 1457 1126 1527 App.
1147 1456 1183 1510 B.
1205 1459 1235 1514 0.
1255 1457 1279 1523 I,
1297 1458 1341 1521 96,
1364 1459 1434 1529 100).

289 1579 323 1588 -
343 1545 504 1602 Faesulani
521 1544 715 1618 inruperunt}
734 1544 826 1611 Haec,
847 1562 922 1615 quae
943 1546 1045 1616 procul
1065 1545 1154 1599 dubio
1174 1547 1291 1616 copiose
1310 1553 1435 1602 narrata

290 1643 378 1691 erant
397 1635 473 1706 apud
493 1635 668 1689 Sallustium
686 1635 776 1706 (Hist.
796 1634 832 1705 I),
846 1652 900 1688 nos
915 1634 1058 1689 habemus
1077 1653 1095 1688 n
1109 1635 1172 1690 solo
1188 1635 1352 1690 Liciniano.
1364 1636 1435 1691 Fes-

243 1729 247 1736 '
290 1726 463 1781 sulanorum
483 1724 640 1779 seditionis
659 1729 759 1777 eutem
778 1724 930 1778 conscium
944 1723 1087 1794 Lepidum
1108 1725 1200 1779 fuisse
1220 1726 1305 1796 eique
1324 1726 1435 1780 favisse

290 1815 430 1885 colligere
443 1831 600 1884 possumus
616 1815 706 1867 etium
722 1831 759 1867 ex
774 1812 902 1884 Philippi
917 1816 1052 1867 oratione
1066 1813 1144 1885 apud
1157 1814 1333 1869 Sallustium
1345 1815 1434 1886 (Hist.

289 1906 329 1975 fr.
351 1905 374 1970 Ι,
393 1904 436 1969 48,
456 1904 474 1957 4
492 1902 643 1973 Dietscb.).
658 1935 687 1943 -
700 1903 731 1957 iu
741 1904 894 1958 Etruriam
912 1902 1124 1976 profectisunt]
1143 1903 1279 1972 Senatus,
1299 1905 1356 1959 etsi
1375 1923 1434 1959 ncu

291 1992 450 2063 ignorabat
469 1991 574 2062 Lepidi
593 1991 725 2055 consilia,
746 1996 846 2043 tamen
861 2008 898 2044 ne
909 2009 1020 2044 novum
1040 1991 1150 2045 bellum
1164 1992 1253 2046 civile
1268 1989 1348 2047 inter
1361 1993 1435 2048 duos

291 2082 428 2136 consules
442 2083 544 2136 statim
559 2082 769 2147 concitaretur,
785 2080 879 2146 ambe,
894 2080 1022 2134 decretis
1036 2081 1217 2136 exercitibus
1227 2084 1264 2151 (v.
1276 2081 1345 2135 Sall.
1358 2083 1434 2138 Hist.

289 2172 313 2241 Ι,
333 2172 368 2224 fr.
386 2171 422 2225 44
441 2155 586 2225 ΒίοιεοΙΙΑ
605 2170 651 2225 uti
668 2171 798 2239 Lepidus
816 2173 844 2224 et
864 2172 985 2226 Catulus
1003 2170 1123 2225 decretis
1141 2172 1315 2227 exercitibus
1329 2176 1435 2227 uratur-

291 2262 364 2316 rime
375 2259 648 2331 proficiscerentur),
668 2260 698 2312 in
719 2259 874 2312 Etruriam
895 2260 985 2323 misit,
1006 2264 1040 2311 ut
1059 2259 1236 2314 seditionem
1257 2260 1435 2315 Faesulano·

291 2369 357 2406 runi
376 2350 524 2405 sedarent.
544 2348 610 2402 Huc
631 2347 786 2404 referende
805 2353 877 2402 sunt
896 2349 987 2402 etiarn
1007 2348 1098 2402 verba
1120 2348 1248 2419 Philippi
1267 2350 1345 2420 apud
1364 2340 1443 2405 Sall,
1517 2341 1522 2350 Χ

290 2441 387 2506 (1,,48,
410 2441 452 2510 1);
471 2441 505 2493 ob
518 2437 687 2493 seditionem
704 2438 886 2508 provinciam
907 2455 973 2493 cum
992 2438 1122 2493 exercitu
1140 2440 1265 2510 adeptus
1284 2443 1325 2494 est
1342 2441 1435 2512 (Lepi-

291 2529 375 2600 dus);
397 2547 424 2582 v.
444 2529 564 2582 Momm.
585 2527 602 2580 l.
623 2546 660 2580 m.
681 2544 708 2584 v.
729 2526 785 2590 ΙΙΙ,
807 2545 834 2597 p.
854 2528 889 2580 26
908 2533 939 2580 et
959 2529 1040 2598 seq.).

344 2620 377 2672 B.
393 2635 492 2688 preces
510 2620 631 2671 senatus
645 2648 676 2657 -
691 2619 837 2671 moverent
855 2615 998 2690 unquam}
1017 2618 1053 2671 cf.
1073 2619 1147 2689 App.
1166 2618 1197 2689 (l.
1217 2620 1354 2702 mqippu
1367 2619 1436 2693 [iud-

189 2775 194 2782 υ
292 2707 361 2781 τους]
380 2713 424 2779 μὲν
443 2706 487 2761 οὖν
503 2704 622 2781 ἠβουλὴ
641 2706 747 2759 δείσασα
766 2708 870 2778 ὥρκωσε
889 2710 928 2779 μὴ
947 2706 1055 2779 πολέμῳ
1074 2707 1253 2780 διακριθῆναι.
1272 2708 1336 2774 Quo
1354 2710 1435 2763 iure-

292 2797 418 2851 iurando
437 2802 539 2849 utrum
559 2795 699 2849 consules
718 2801 789 2848 ente
809 2812 913 2848 eorum
933 2794 1097 2850 discessum
1125 2815 1143 2850 n
1169 2802 1276 2852 senatu
1296 2797 1435 2852 obstricti

294 2889 365 2952 sint,
383 2892 417 2939 ut
436 2891 520 2957 patet
539 2903 575 2939 ex
595 2885 739 2954 Appiam,
759 2902 797 2937 an
812 2901 880 2937 cum
893 2885 952 2937 ism
966 2887 997 2937 in
1013 2885 1136 2939 Etruriu
1149 2886 1270 2955 fuerint,
1291 2893 1325 2940 ut
1344 2905 1380 2941 ex
1390 2888 1437 2941 Li·

293 2977 403 3031 ciniani
423 2975 487 3028 loco
505 2974 666 3044 colligitur,
686 2971 809 3046 difficile
837 2980 884 3027 est
913 2973 1095 3041 diiudicare,
1122 2977 1198 3030 satis
1217 2976 1296 3029 enim
1316 2982 1436 3031 constet

293 3082 381 3133 quem
402 3081 495 3134 parve
514 3062 571 3117 fide
591 3061 764 3115 Licinianus
779 3060 891 3131 dignus
920 3063 961 3117 sit
990 3080 1056 3117 cum
1076 3062 1112 3116 de
1131 3066 1249 3118 ratione
1268 3070 1436 3136 temporum

294 3160 410 3222 augeatur.
422 3184 454 3195 -
468 3152 604 3221 Reliquis
616 3150 706 3204 huius
720 3150 875 3204 columnae
891 3150 1026 3206 versibus
1046 3152 1228 3217 Licinianus,
1247 3153 1292 3206 uti
1308 3149 1436 3220 videtur,

292 3259 416 3308 narrare
436 3240 579 3311 pergebat
598 3239 781 3294 seditionem
801 3240 925 3309 Lepidi,
955 3242 1006 3310 qui
1030 3258 1108 3295 enno
1126 3240 1179 3296 677
1198 3242 1278 3296 haud
1298 3242 1400 3313 procul
1419 3262 1437 3298 a

294 3331 403 3402 Campo
422 3332 532 3384 Martio
551 3348 569 3383 a
587 3329 693 3383 Catulo
707 3329 805 3384 victus
825 3336 856 3384 et
874 3330 977 3385 cedere
998 3337 1127 3399 coactus,
1146 3334 1266 3387 traiecit
1285 3333 1316 3387 in
1335 3332 1437 3387 Sardi-

294 3424 375 3478 niam
395 3422 444 3475 ubi
464 3420 552 3491 paulo
571 3424 639 3490 post
657 3418 727 3473 tabe
746 3425 940 3491 consumptus
960 3426 1007 3476 est
1025 3420 1073 3492 (cf.
1093 3421 1167 3493 App.
1186 3421 1205 3475 l.
1225 3423 1282 3495 ω.)
