<?xml version="1.0" encoding="UTF-8"?>
<!DOCTYPE html PUBLIC "-//W3C//DTD XHTML 1.0 Transitional//EN"
    "http://www.w3.org/TR/xhtml1/DTD/xhtml1-transitional.dtd">
<html xmlns="http://www.w3.org/1999/xhtml" xml:lang="en" lang="en">
 <head>
  <title>
</title>
<meta http-equiv="Content-Type" content="text/html;charset=utf-8" />
  <meta name='ocr-system' content='tesseract 3.04.00' />
  <meta name='ocr-capabilities' content='ocr_page ocr_carea ocr_par ocr_line ocrx_word'/>
</head>
<body>
  <div class='ocr_page' id='page_1' title='image "./granilicinianiq00camogoog_0053.png"; bbox 0 0 3309 5167; ppageno 0'>
   <div class='ocr_carea' id='block_1_1' title="bbox 621 743 917 820">
    <p class='ocr_par' dir='ltr' id='par_1_1' title="bbox 621 743 917 820">
     <span class='ocr_line' id='line_1_1' title="bbox 621 743 917 820; baseline 0 -2"><span class='ocrx_word' id='word_1_1' title='bbox 621 744 716 818; x_wconf 90' lang='lat' dir='ltr'>LIB</span> <span class='ocrx_word' id='word_1_2' title='bbox 745 743 917 820; x_wconf 85' lang='lat' dir='ltr'>XXXV.</span> 
     </span>
    </p>
   </div>
   <div class='ocr_carea' id='block_1_2' title="bbox 270 1013 976 1099">
    <p class='ocr_par' dir='ltr' id='par_1_2' title="bbox 270 1013 976 1099">
     <span class='ocr_line' id='line_1_2' title="bbox 270 1013 976 1099; baseline -0.001 -20"><span class='ocrx_word' id='word_1_3' title='bbox 270 1015 341 1080; x_wconf 83' lang='lat' dir='ltr'>Fol.</span> <span class='ocrx_word' id='word_1_4' title='bbox 367 1013 434 1094; x_wconf 80' lang='lat' dir='ltr'><em>III,</em></span> <span class='ocrx_word' id='word_1_5' title='bbox 460 1034 500 1099; x_wconf 77' lang='lat' dir='ltr'>a,</span> <span class='ocrx_word' id='word_1_6' title='bbox 520 1033 602 1098; x_wconf 77' lang='lat' dir='ltr'>pop.</span> <span class='ocrx_word' id='word_1_7' title='bbox 626 1014 674 1079; x_wconf 83' lang='lat'>38</span> <span class='ocrx_word' id='word_1_8' title='bbox 691 1033 740 1097; x_wconf 72' lang='lat' dir='ltr'>p„</span> <span class='ocrx_word' id='word_1_9' title='bbox 760 1034 841 1098; x_wconf 79' lang='lat' dir='ltr'>pap.</span> <span class='ocrx_word' id='word_1_10' title='bbox 866 1016 911 1076; x_wconf 80' lang='lat'>27</span> <span class='ocrx_word' id='word_1_11' title='bbox 935 1014 976 1078; x_wconf 90' lang='grc' dir='ltr'>Β.</span> 
     </span>
    </p>
   </div>
   <div class='ocr_carea' id='block_1_3' title="bbox 182 1153 1341 3710">
    <p class='ocr_par' dir='ltr' id='par_1_3' title="bbox 182 1153 1339 1349">
     <span class='ocr_line' id='line_1_3' title="bbox 182 1153 1339 1243; baseline -0.003 -20"><span class='ocrx_word' id='word_1_12' title='bbox 182 1158 246 1243; x_wconf 89' lang='grc' dir='ltr'>ΙΑ.</span> <span class='ocrx_word' id='word_1_13' title='bbox 271 1156 390 1222; x_wconf 83' lang='lat' dir='ltr'>attulit</span> <span class='ocrx_word' id='word_1_14' title='bbox 414 1162 613 1242; x_wconf 87' lang='lat' dir='ltr'>mentesque</span> <span class='ocrx_word' id='word_1_15' title='bbox 643 1155 803 1239; x_wconf 83' lang='lat' dir='ltr'>mutavit,</span> <span class='ocrx_word' id='word_1_16' title='bbox 829 1178 893 1220; x_wconf 89' lang='lat' dir='ltr'>nec</span> <span class='ocrx_word' id='word_1_17' title='bbox 925 1154 1106 1240; x_wconf 86' lang='lat' dir='ltr'>quisquam</span> <span class='ocrx_word' id='word_1_18' title='bbox 1139 1153 1294 1220; x_wconf 89' lang='lat' dir='ltr'>omnium</span> <span class='ocrx_word' id='word_1_19' title='bbox 1319 1178 1339 1220; x_wconf 91' lang='lat' dir='ltr'>a</span> 
     </span>
     <span class='ocr_line' id='line_1_4' title="bbox 270 1260 786 1349; baseline 0.002 -22"><span class='ocrx_word' id='word_1_20' title='bbox 270 1261 423 1328; x_wconf 80' lang='lat' dir='ltr'><strong>lacrimis</strong></span> <span class='ocrx_word' id='word_1_21' title='bbox 446 1260 562 1349; x_wconf 90' lang='lat' dir='ltr'>potuit</span> <span class='ocrx_word' id='word_1_22' title='bbox 585 1268 786 1349; x_wconf 88' lang='lat' dir='ltr'>temperare.</span> 
     </span>
    </p>

    <p class='ocr_par' dir='ltr' id='par_1_4' title="bbox 269 1368 1341 2097">
     <span class='ocr_line' id='line_1_5' title="bbox 335 1368 1341 1457; baseline -0.002 -21"><span class='ocrx_word' id='word_1_23' title='bbox 335 1370 463 1436; x_wconf 88' lang='lat' dir='ltr'>Nolani</span> <span class='ocrx_word' id='word_1_24' title='bbox 479 1369 652 1457; x_wconf 79' lang='lat' dir='ltr'>progressi</span> <span class='ocrx_word' id='word_1_25' title='bbox 668 1368 835 1456; x_wconf 86' lang='lat' dir='ltr'>oppidum</span> <span class='ocrx_word' id='word_1_26' title='bbox 844 1368 1006 1434; x_wconf 81' lang='lat' dir='ltr'>Abellam</span> <span class='ocrx_word' id='word_1_27' title='bbox 1019 1368 1256 1436; x_wconf 87' lang='lat' dir='ltr'>incenderunt.</span> <span class='ocrx_word' id='word_1_28' title='bbox 1269 1371 1341 1434; x_wconf 90' lang='lat' dir='ltr'>Ma-</span> 
     </span>
     <span class='ocr_line' id='line_1_6' title="bbox 269 1474 1340 1563; baseline -0.002 -20"><span class='ocrx_word' id='word_1_29' title='bbox 269 1477 340 1543; x_wconf 85' lang='lat' dir='ltr'>rius</span> <span class='ocrx_word' id='word_1_30' title='bbox 353 1476 540 1543; x_wconf 84' lang='lat' dir='ltr'>Servilium</span> <span class='ocrx_word' id='word_1_31' title='bbox 556 1476 649 1563; x_wconf 88' lang='lat' dir='ltr'>apud</span> <span class='ocrx_word' id='word_1_32' title='bbox 662 1475 862 1540; x_wconf 85' lang='lat' dir='ltr'><strong>Ariminum</strong></span> <span class='ocrx_word' id='word_1_33' title='bbox 875 1474 985 1562; x_wconf 83' lang='lat' dir='ltr'>fugat,</span> <span class='ocrx_word' id='word_1_34' title='bbox 1000 1498 1127 1562; x_wconf 87' lang='lat' dir='ltr'>paucos</span> <span class='ocrx_word' id='word_1_35' title='bbox 1140 1474 1275 1562; x_wconf 76' lang='lat' dir='ltr'>occidit,</span> <span class='ocrx_word' id='word_1_36' title='bbox 1290 1499 1340 1541; x_wconf 89' lang='lat' dir='ltr'>re·</span> 
     </span>
     <span class='ocr_line' id='line_1_7' title="bbox 269 1582 1339 1672; baseline -0.001 -23"><span class='ocrx_word' id='word_1_37' title='bbox 269 1585 381 1670; x_wconf 87' lang='lat' dir='ltr'>liquos</span> <span class='ocrx_word' id='word_1_38' title='bbox 405 1606 488 1670; x_wconf 89' lang='lat' dir='ltr'>quos</span> <span class='ocrx_word' id='word_1_39' title='bbox 512 1589 713 1672; x_wconf 71' lang='lat' dir='ltr'>corruperat</span> <span class='ocrx_word' id='word_1_40' title='bbox 735 1582 863 1670; x_wconf 88' lang='lat' dir='ltr'>accipit</span> <span class='ocrx_word' id='word_1_41' title='bbox 887 1583 925 1647; x_wconf 88' lang='lat' dir='ltr'>in</span> <span class='ocrx_word' id='word_1_42' title='bbox 949 1582 1170 1648; x_wconf 86' lang='lat' dir='ltr'>deditionem.</span> <span class='ocrx_word' id='word_1_43' title='bbox 1189 1589 1339 1648; x_wconf 86' lang='lat' dir='ltr'>senatus·</span> 
     </span>
     <span class='ocr_line' id='line_1_8' title="bbox 269 1690 1340 1778; baseline 0 -22"><span class='ocrx_word' id='word_1_44' title='bbox 269 1715 334 1777; x_wconf 90' lang='lat' dir='ltr'>que</span> <span class='ocrx_word' id='word_1_45' title='bbox 356 1714 418 1778; x_wconf 89' lang='lat' dir='ltr'>per</span> <span class='ocrx_word' id='word_1_46' title='bbox 440 1690 574 1757; x_wconf 77' lang='lat' dir='ltr'>Metelli</span> <span class='ocrx_word' id='word_1_47' title='bbox 604 1691 738 1776; x_wconf 84' lang='lat' dir='ltr'>legatos</span> <span class='ocrx_word' id='word_1_48' title='bbox 768 1691 946 1756; x_wconf 91' lang='lat' dir='ltr'>consultus</span> <span class='ocrx_word' id='word_1_49' title='bbox 970 1690 1011 1755; x_wconf 93' lang='lat' dir='ltr'>de</span> <span class='ocrx_word' id='word_1_50' title='bbox 1037 1690 1216 1755; x_wconf 87' lang='lat' dir='ltr'>voluntate</span> <span class='ocrx_word' id='word_1_51' title='bbox 1245 1691 1340 1756; x_wconf 83' lang='lat' dir='ltr'>Sam-</span> 
     </span>
     <span class='ocr_line' id='line_1_9' title="bbox 269 1795 1339 1885; baseline -0.002 -22"><span class='ocrx_word' id='word_1_52' title='bbox 269 1799 400 1863; x_wconf 87' lang='lat' dir='ltr'>nitium</span> <span class='ocrx_word' id='word_1_53' title='bbox 419 1798 479 1883; x_wconf 89' lang='lat' dir='ltr'>qui</span> <span class='ocrx_word' id='word_1_54' title='bbox 502 1821 537 1863; x_wconf 86' lang='lat' dir='ltr'>se</span> <span class='ocrx_word' id='word_1_55' title='bbox 560 1799 736 1884; x_wconf 77' lang='lat' dir='ltr'>negabant</span> <span class='ocrx_word' id='word_1_56' title='bbox 759 1798 862 1863; x_wconf 90' lang='lat' dir='ltr'>aliter</span> <span class='ocrx_word' id='word_1_57' title='bbox 877 1797 915 1861; x_wconf 91' lang='lat' dir='ltr'>in</span> <span class='ocrx_word' id='word_1_58' title='bbox 936 1820 1056 1885; x_wconf 89' lang='lat' dir='ltr'>pacem</span> <span class='ocrx_word' id='word_1_59' title='bbox 1080 1802 1253 1884; x_wconf 80' lang='lat' dir='ltr'>venturos,</span> <span class='ocrx_word' id='word_1_60' title='bbox 1270 1795 1339 1861; x_wconf 88' lang='lat' dir='ltr'>nisi</span> 
     </span>
     <span class='ocr_line' id='line_1_10' title="bbox 271 1902 1340 1993; baseline -0.004 -22"><span class='ocrx_word' id='word_1_61' title='bbox 271 1905 395 1992; x_wconf 84' lang='lat' dir='ltr'>civitas</span> <span class='ocrx_word' id='word_1_62' title='bbox 417 1904 502 1993; x_wconf 90' lang='lat' dir='ltr'>ipsis</span> <span class='ocrx_word' id='word_1_63' title='bbox 526 1911 560 1970; x_wconf 91' lang='lat' dir='ltr'>et</span> <span class='ocrx_word' id='word_1_64' title='bbox 583 1904 740 1992; x_wconf 86' lang='lat' dir='ltr'>perfugis</span> <span class='ocrx_word' id='word_1_65' title='bbox 763 1904 923 1970; x_wconf 89' lang='lat' dir='ltr'>omnibus</span> <span class='ocrx_word' id='word_1_66' title='bbox 940 1903 1080 1969; x_wconf 88' lang='lat' dir='ltr'>daretur</span> <span class='ocrx_word' id='word_1_67' title='bbox 1095 1905 1251 1989; x_wconf 89' lang='lat' dir='ltr'>bonaque</span> <span class='ocrx_word' id='word_1_68' title='bbox 1267 1902 1340 1968; x_wconf 87' lang='lat' dir='ltr'>red-</span> 
     </span>
     <span class='ocr_line' id='line_1_11' title="bbox 270 2009 1340 2097; baseline -0.001 -23"><span class='ocrx_word' id='word_1_69' title='bbox 270 2010 444 2097; x_wconf 83' lang='lat' dir='ltr'>derentur,</span> <span class='ocrx_word' id='word_1_70' title='bbox 478 2011 616 2097; x_wconf 84' lang='lat' dir='ltr'>abnuit,</span> <span class='ocrx_word' id='word_1_71' title='bbox 647 2009 864 2097; x_wconf 83' lang='lat' dir='ltr'>dignitatem</span> <span class='ocrx_word' id='word_1_72' title='bbox 896 2010 1076 2096; x_wconf 87' lang='lat' dir='ltr'>antiquam</span> <span class='ocrx_word' id='word_1_73' title='bbox 1107 2012 1146 2077; x_wconf 88' lang='lat' dir='ltr'>P.</span> <span class='ocrx_word' id='word_1_74' title='bbox 1176 2012 1219 2075; x_wconf 78' lang='lat' dir='ltr'>R.</span> <span class='ocrx_word' id='word_1_75' title='bbox 1244 2017 1340 2075; x_wconf 89' lang='lat' dir='ltr'>tuen-</span> 
     </span>
    </p>

    <p class='ocr_par' dir='ltr' id='par_1_5' title="bbox 198 2117 1337 2205">
     <span class='ocr_line' id='line_1_12' title="bbox 198 2117 1337 2205; baseline 0 -23"><span class='ocrx_word' id='word_1_76' title='bbox 198 2127 203 2133; x_wconf 82' lang='lat'><em>&#39;</em></span> <span class='ocrx_word' id='word_1_77' title='bbox 269 2118 361 2183; x_wconf 89' lang='lat' dir='ltr'>tibus</span> <span class='ocrx_word' id='word_1_78' title='bbox 395 2118 562 2205; x_wconf 89' lang='lat' dir='ltr'>patribus.</span> <span class='ocrx_word' id='word_1_79' title='bbox 599 2118 723 2204; x_wconf 88' lang='lat' dir='ltr'>quibus</span> <span class='ocrx_word' id='word_1_80' title='bbox 757 2117 907 2203; x_wconf 80' lang='lat' dir='ltr'>cognitis</span> <span class='ocrx_word' id='word_1_81' title='bbox 931 2117 1043 2183; x_wconf 80' lang='lat' dir='ltr'>Cinna</span> <span class='ocrx_word' id='word_1_82' title='bbox 1079 2140 1140 2205; x_wconf 89' lang='lat' dir='ltr'>per</span> <span class='ocrx_word' id='word_1_83' title='bbox 1175 2117 1337 2183; x_wconf 82' lang='lat' dir='ltr'>Flavium</span> 
     </span>
    </p>

    <p class='ocr_par' dir='ltr' id='par_1_6' title="bbox 203 2223 1339 2398">
     <span class='ocr_line' id='line_1_13' title="bbox 203 2223 1339 2313; baseline -0.002 -23"><span class='ocrx_word' id='word_1_84' title='bbox 203 2236 205 2240; x_wconf 82' lang='lat'>&#39;</span> <span class='ocrx_word' id='word_1_85' title='bbox 269 2225 462 2291; x_wconf 82' lang='lat' dir='ltr'>Fimbriam</span> <span class='ocrx_word' id='word_1_86' title='bbox 486 2225 580 2311; x_wconf 86' lang='lat' dir='ltr'>leges</span> <span class='ocrx_word' id='word_1_87' title='bbox 604 2248 688 2311; x_wconf 90' lang='lat' dir='ltr'>quas</span> <span class='ocrx_word' id='word_1_88' title='bbox 712 2225 937 2313; x_wconf 87' lang='lat' dir='ltr'>postulabant</span> <span class='ocrx_word' id='word_1_89' title='bbox 968 2224 1126 2290; x_wconf 86' lang='lat' dir='ltr'>concedit</span> <span class='ocrx_word' id='word_1_90' title='bbox 1160 2230 1194 2289; x_wconf 88' lang='lat' dir='ltr'>et</span> <span class='ocrx_word' id='word_1_91' title='bbox 1230 2223 1339 2311; x_wconf 89' lang='lat' dir='ltr'>copiis</span> 
     </span>
     <span class='ocr_line' id='line_1_14' title="bbox 270 2313 487 2398; baseline 0.014 -3"><span class='ocrx_word' id='word_1_92' title='bbox 270 2313 338 2396; x_wconf 82' lang='lat' dir='ltr'>suis</span> <span class='ocrx_word' id='word_1_93' title='bbox 363 2331 487 2398; x_wconf 85' lang='lat' dir='ltr'>iunxit.</span> 
     </span>
    </p>

    <p class='ocr_par' dir='ltr' id='par_1_7' title="bbox 198 2439 1340 2614">
     <span class='ocr_line' id='line_1_15' title="bbox 198 2439 1340 2532; baseline 0.002 -27"><span class='ocrx_word' id='word_1_94' title='bbox 198 2442 243 2505; x_wconf 88' lang='lat' dir='ltr'>B.</span> <span class='ocrx_word' id='word_1_95' title='bbox 291 2527 296 2532; x_wconf 17' lang='grc' dir='ltr'><em>ο</em></span> <span class='ocrx_word' id='word_1_96' title='bbox 334 2441 405 2506; x_wconf 85' lang='lat' dir='ltr'>Nec</span> <span class='ocrx_word' id='word_1_97' title='bbox 426 2443 429 2527; x_wconf 74' lang='lat' dir='ltr'>l</span> <span class='ocrx_word' id='word_1_98' title='bbox 452 2439 629 2507; x_wconf 82' lang='lat' dir='ltr'>desinebat</span> <span class='ocrx_word' id='word_1_99' title='bbox 645 2440 831 2529; x_wconf 87' lang='lat' dir='ltr'>Pompeius</span> <span class='ocrx_word' id='word_1_100' title='bbox 844 2441 983 2507; x_wconf 83' lang='lat' dir='ltr'>interim</span> <span class='ocrx_word' id='word_1_101' title='bbox 998 2439 1141 2506; x_wconf 89' lang='lat' dir='ltr'>miscere</span> <span class='ocrx_word' id='word_1_102' title='bbox 1158 2440 1286 2508; x_wconf 87' lang='lat' dir='ltr'>omnia.</span> <span class='ocrx_word' id='word_1_103' title='bbox 1305 2445 1340 2507; x_wconf 90' lang='lat' dir='ltr'>et</span> 
     </span>
     <span class='ocr_line' id='line_1_16' title="bbox 270 2547 1340 2614; baseline 0.002 -3"><span class='ocrx_word' id='word_1_104' title='bbox 270 2569 347 2612; x_wconf 89' lang='lat' dir='ltr'>cum</span> <span class='ocrx_word' id='word_1_105' title='bbox 372 2553 529 2612; x_wconf 87' lang='lat' dir='ltr'>senatum</span> <span class='ocrx_word' id='word_1_106' title='bbox 552 2548 686 2614; x_wconf 82' lang='lat' dir='ltr'>videret</span> <span class='ocrx_word' id='word_1_107' title='bbox 710 2548 862 2614; x_wconf 83' lang='lat' dir='ltr'>aversari</span> <span class='ocrx_word' id='word_1_108' title='bbox 886 2571 1004 2614; x_wconf 89' lang='lat' dir='ltr'>omnes</span> <span class='ocrx_word' id='word_1_109' title='bbox 1029 2548 1146 2614; x_wconf 85' lang='lat' dir='ltr'>exules</span> <span class='ocrx_word' id='word_1_110' title='bbox 1173 2547 1340 2613; x_wconf 86' lang='lat' dir='ltr'>maxime-</span> 
     </span>
    </p>

    <p class='ocr_par' dir='ltr' id='par_1_8' title="bbox 188 2655 1340 3710">
     <span class='ocr_line' id='line_1_17' title="bbox 188 2655 1339 2742; baseline 0.005 -24"><span class='ocrx_word' id='word_1_111' title='bbox 188 2667 192 2671; x_wconf 70' lang='grc'>“</span> <span class='ocrx_word' id='word_1_112' title='bbox 269 2677 333 2739; x_wconf 93' lang='lat' dir='ltr'>que</span> <span class='ocrx_word' id='word_1_113' title='bbox 357 2655 489 2720; x_wconf 79' lang='lat' dir='ltr'>Cinnae</span> <span class='ocrx_word' id='word_1_114' title='bbox 513 2678 660 2742; x_wconf 82' lang='lat' dir='ltr'>causam,</span> <span class='ocrx_word' id='word_1_115' title='bbox 686 2656 795 2721; x_wconf 88' lang='lat' dir='ltr'>suasit</span> <span class='ocrx_word' id='word_1_116' title='bbox 825 2663 943 2723; x_wconf 90' lang='lat' dir='ltr'>tamen</span> <span class='ocrx_word' id='word_1_117' title='bbox 976 2663 1015 2721; x_wconf 91' lang='lat' dir='ltr'>ut</span> <span class='ocrx_word' id='word_1_118' title='bbox 1046 2656 1198 2742; x_wconf 83' lang='lat' dir='ltr'>legatia</span> <span class='ocrx_word' id='word_1_119' title='bbox 1227 2657 1339 2724; x_wconf 80' lang='lat' dir='ltr'>Cinna</span> 
     </span>
     <span class='ocr_line' id='line_1_18' title="bbox 270 2760 1340 2849; baseline 0.005 -24"><span class='ocrx_word' id='word_1_120' title='bbox 270 2760 365 2826; x_wconf 92' lang='lat' dir='ltr'>missi</span> <span class='ocrx_word' id='word_1_121' title='bbox 389 2767 465 2827; x_wconf 84' lang='lat' dir='ltr'>tuto</span> <span class='ocrx_word' id='word_1_122' title='bbox 489 2762 732 2849; x_wconf 84' lang='lat' dir='ltr'>reciperentur.</span> <span class='ocrx_word' id='word_1_123' title='bbox 757 2769 792 2827; x_wconf 91' lang='lat' dir='ltr'>et</span> <span class='ocrx_word' id='word_1_124' title='bbox 816 2764 907 2827; x_wconf 87' lang='lat' dir='ltr'>clam</span> <span class='ocrx_word' id='word_1_125' title='bbox 932 2785 1009 2828; x_wconf 94' lang='lat' dir='ltr'>cum</span> <span class='ocrx_word' id='word_1_126' title='bbox 1045 2763 1157 2828; x_wconf 88' lang='lat' dir='ltr'>Cinna</span> <span class='ocrx_word' id='word_1_127' title='bbox 1194 2763 1340 2830; x_wconf 86' lang='lat' dir='ltr'>consilia</span> 
     </span>
     <span class='ocr_line' id='line_1_19' title="bbox 269 2868 1339 2956; baseline 0.002 -24"><span class='ocrx_word' id='word_1_128' title='bbox 269 2868 421 2935; x_wconf 90' lang='lat' dir='ltr'>sociabat</span> <span class='ocrx_word' id='word_1_129' title='bbox 444 2876 478 2935; x_wconf 89' lang='lat' dir='ltr'>et</span> <span class='ocrx_word' id='word_1_130' title='bbox 503 2869 645 2936; x_wconf 84' lang='lat' dir='ltr'>Octavio</span> <span class='ocrx_word' id='word_1_131' title='bbox 669 2872 818 2956; x_wconf 83' lang='lat' dir='ltr'>tegebat.</span> <span class='ocrx_word' id='word_1_132' title='bbox 845 2870 1018 2936; x_wconf 85' lang='lat' dir='ltr'>dediticiis</span> <span class='ocrx_word' id='word_1_133' title='bbox 1037 2870 1196 2935; x_wconf 90' lang='lat' dir='ltr'>omnibus</span> <span class='ocrx_word' id='word_1_134' title='bbox 1213 2870 1339 2935; x_wconf 81' lang='lat' dir='ltr'>civitas</span> 
     </span>
     <span class='ocr_line' id='line_1_20' title="bbox 270 2976 1340 3066; baseline 0.003 -25"><span class='ocrx_word' id='word_1_135' title='bbox 270 2976 359 3064; x_wconf 77' lang='lat' dir='ltr'>data,</span> <span class='ocrx_word' id='word_1_136' title='bbox 385 2978 444 3063; x_wconf 94' lang='lat' dir='ltr'>qui</span> <span class='ocrx_word' id='word_1_137' title='bbox 468 2978 618 3066; x_wconf 87' lang='lat' dir='ltr'>polliciti</span> <span class='ocrx_word' id='word_1_138' title='bbox 643 2980 754 3045; x_wconf 87' lang='lat' dir='ltr'>multa</span> <span class='ocrx_word' id='word_1_139' title='bbox 777 2979 876 3043; x_wconf 90' lang='lat' dir='ltr'>milia</span> <span class='ocrx_word' id='word_1_140' title='bbox 905 2978 1059 3042; x_wconf 84' lang='lat' dir='ltr'>militum</span> <span class='ocrx_word' id='word_1_141' title='bbox 1088 2978 1149 3044; x_wconf 84' lang='lat' dir='ltr'>vix</span> <span class='ocrx_word' id='word_1_142' title='bbox 1174 2980 1263 3044; x_wconf 86' lang='lat' dir='ltr'>XVI</span> <span class='ocrx_word' id='word_1_143' title='bbox 1287 3001 1340 3044; x_wconf 91' lang='lat' dir='ltr'>co·</span> 
     </span>
     <span class='ocr_line' id='line_1_21' title="bbox 269 3084 1339 3173; baseline 0 -24"><span class='ocrx_word' id='word_1_144' title='bbox 269 3084 384 3149; x_wconf 91' lang='lat' dir='ltr'>hortes</span> <span class='ocrx_word' id='word_1_145' title='bbox 408 3086 586 3151; x_wconf 86' lang='lat' dir='ltr'>miserunt.</span> <span class='ocrx_word' id='word_1_146' title='bbox 615 3092 650 3150; x_wconf 92' lang='lat' dir='ltr'>et</span> <span class='ocrx_word' id='word_1_147' title='bbox 677 3085 878 3173; x_wconf 84' lang='lat' dir='ltr'>pestilentia</span> <span class='ocrx_word' id='word_1_148' title='bbox 902 3091 1058 3151; x_wconf 87' lang='lat' dir='ltr'>vastatus</span> <span class='ocrx_word' id='word_1_149' title='bbox 1082 3085 1262 3172; x_wconf 79' lang='lat' dir='ltr'>exercitus,</span> <span class='ocrx_word' id='word_1_150' title='bbox 1287 3084 1339 3149; x_wconf 90' lang='lat' dir='ltr'>ita</span> 
     </span>
     <span class='ocr_line' id='line_1_22' title="bbox 269 3192 1339 3279; baseline 0.002 -23"><span class='ocrx_word' id='word_1_151' title='bbox 269 3198 308 3256; x_wconf 87' lang='lat' dir='ltr'>ut</span> <span class='ocrx_word' id='word_1_152' title='bbox 330 3215 372 3257; x_wconf 87' lang='lat' dir='ltr'>ex</span> <span class='ocrx_word' id='word_1_153' title='bbox 396 3192 579 3259; x_wconf 83' lang='lat' dir='ltr'>Octaviani</span> <span class='ocrx_word' id='word_1_154' title='bbox 603 3192 760 3279; x_wconf 88' lang='lat' dir='ltr'>partibus</span> <span class='ocrx_word' id='word_1_155' title='bbox 785 3192 903 3262; x_wconf 87' lang='lat' dir='ltr'>decem</span> <span class='ocrx_word' id='word_1_156' title='bbox 927 3198 962 3257; x_wconf 87' lang='lat' dir='ltr'>et</span> <span class='ocrx_word' id='word_1_157' title='bbox 994 3198 1126 3279; x_wconf 80' lang='lat' dir='ltr'>septem</span> <span class='ocrx_word' id='word_1_158' title='bbox 1156 3192 1255 3257; x_wconf 87' lang='lat' dir='ltr'>milia</span> <span class='ocrx_word' id='word_1_159' title='bbox 1279 3192 1339 3258; x_wconf 88' lang='lat' dir='ltr'>ho-</span> 
     </span>
     <span class='ocr_line' id='line_1_23' title="bbox 268 3299 1339 3388; baseline 0.002 -25"><span class='ocrx_word' id='word_1_160' title='bbox 268 3299 402 3364; x_wconf 91' lang='lat' dir='ltr'>minum</span> <span class='ocrx_word' id='word_1_161' title='bbox 427 3299 631 3388; x_wconf 89' lang='lat' dir='ltr'>deperirent.</span> <span class='ocrx_word' id='word_1_162' title='bbox 656 3299 842 3387; x_wconf 88' lang='lat' dir='ltr'>Pompeius</span> <span class='ocrx_word' id='word_1_163' title='bbox 877 3300 991 3364; x_wconf 88' lang='lat' dir='ltr'>minus</span> <span class='ocrx_word' id='word_1_164' title='bbox 1015 3299 1152 3365; x_wconf 87' lang='lat' dir='ltr'>validus</span> <span class='ocrx_word' id='word_1_165' title='bbox 1186 3323 1265 3365; x_wconf 89' lang='lat' dir='ltr'>cum</span> <span class='ocrx_word' id='word_1_166' title='bbox 1300 3299 1339 3365; x_wconf 89' lang='lat' dir='ltr'>in</span> 
     </span>
     <span class='ocr_line' id='line_1_24' title="bbox 268 3406 1338 3496; baseline 0.001 -25"><span class='ocrx_word' id='word_1_167' title='bbox 268 3408 357 3473; x_wconf 88' lang='lat' dir='ltr'>lecto</span> <span class='ocrx_word' id='word_1_168' title='bbox 388 3407 614 3496; x_wconf 77' lang='lat' dir='ltr'>decumberet,</span> <span class='ocrx_word' id='word_1_169' title='bbox 651 3413 727 3474; x_wconf 89' lang='lat' dir='ltr'>orta</span> <span class='ocrx_word' id='word_1_170' title='bbox 762 3413 977 3495; x_wconf 83' lang='lat' dir='ltr'>tempestate,</span> <span class='ocrx_word' id='word_1_171' title='bbox 1012 3413 1050 3472; x_wconf 89' lang='lat' dir='ltr'>et</span> <span class='ocrx_word' id='word_1_172' title='bbox 1084 3406 1157 3495; x_wconf 89' lang='lat' dir='ltr'>ipse</span> <span class='ocrx_word' id='word_1_173' title='bbox 1189 3406 1338 3473; x_wconf 84' lang='lat' dir='ltr'>fulmine</span> 
     </span>
     <span class='ocr_line' id='line_1_25' title="bbox 269 3514 1338 3602; baseline 0 -22"><span class='ocrx_word' id='word_1_174' title='bbox 269 3514 404 3581; x_wconf 88' lang='lat' dir='ltr'>afflatus</span> <span class='ocrx_word' id='word_1_175' title='bbox 439 3522 490 3582; x_wconf 90' lang='lat' dir='ltr'>est</span> <span class='ocrx_word' id='word_1_176' title='bbox 523 3522 558 3581; x_wconf 88' lang='lat' dir='ltr'>et</span> <span class='ocrx_word' id='word_1_177' title='bbox 593 3516 729 3582; x_wconf 89' lang='lat' dir='ltr'>culmen</span> <span class='ocrx_word' id='word_1_178' title='bbox 764 3514 981 3582; x_wconf 88' lang='lat' dir='ltr'>tabernaculi</span> <span class='ocrx_word' id='word_1_179' title='bbox 1016 3514 1233 3602; x_wconf 86' lang='lat' dir='ltr'>dissipatum.</span> <span class='ocrx_word' id='word_1_180' title='bbox 1267 3516 1338 3581; x_wconf 88' lang='lat' dir='ltr'>Nec</span> 
     </span>
     <span class='ocr_line' id='line_1_26' title="bbox 268 3622 668 3710; baseline 0.013 -24"><span class='ocrx_word' id='word_1_181' title='bbox 268 3644 363 3710; x_wconf 89' lang='lat' dir='ltr'>spem</span> <span class='ocrx_word' id='word_1_182' title='bbox 387 3622 481 3691; x_wconf 83' lang='lat' dir='ltr'>vitae</span> <span class='ocrx_word' id='word_1_183' title='bbox 505 3623 668 3691; x_wconf 85' lang='lat' dir='ltr'>ostendit.</span> 
     </span>
    </p>
   </div>
   <div class='ocr_carea' id='block_1_4' title="bbox 212 3836 452 3849">
    <p class='ocr_par' dir='ltr' id='par_1_9' title="bbox 212 3836 452 3849">
     <span class='ocr_line' id='line_1_27' title="bbox 212 3836 452 3849; baseline 0.008 -2"><span class='ocrx_word' id='word_1_184' title='bbox 212 3836 452 3849; x_wconf 53' lang='lat' dir='ltr'>mnu-n.-</span> 
     </span>
    </p>
   </div>
   <div class='ocr_carea' id='block_1_5' title="bbox 192 3936 1346 4494">
    <p class='ocr_par' dir='ltr' id='par_1_10' title="bbox 192 3936 1346 4494">
     <span class='ocr_line' id='line_1_28' title="bbox 241 3936 1344 4009; baseline -0.001 -17"><span class='ocrx_word' id='word_1_185' title='bbox 241 3943 274 3992; x_wconf 82' lang='lat' dir='ltr'>A.</span> <span class='ocrx_word' id='word_1_186' title='bbox 290 3942 391 4009; x_wconf 77' lang='lat' dir='ltr'>Attulit]</span> <span class='ocrx_word' id='word_1_187' title='bbox 410 3959 434 4007; x_wconf 92' lang='lat' dir='ltr'>p.</span> <span class='ocrx_word' id='word_1_188' title='bbox 451 3940 621 4005; x_wconf 73' lang='lat' dir='ltr'>(aarum</span> <span class='ocrx_word' id='word_1_189' title='bbox 638 3939 724 4006; x_wconf 88' lang='lat' dir='ltr'>cod.);</span> <span class='ocrx_word' id='word_1_190' title='bbox 740 3941 826 3993; x_wconf 76' lang='lat' dir='ltr'>obtulit</span> <span class='ocrx_word' id='word_1_191' title='bbox 843 3942 872 3991; x_wconf 90' lang='lat' dir='ltr'>B.</span> <span class='ocrx_word' id='word_1_192' title='bbox 889 3967 920 3981; x_wconf 92' lang='lat'><em>-</em></span> <span class='ocrx_word' id='word_1_193' title='bbox 935 3938 1060 4006; x_wconf 74' lang='lat' dir='ltr'>Abellam]</span> <span class='ocrx_word' id='word_1_194' title='bbox 1079 3940 1116 4002; x_wconf 89' lang='lat' dir='ltr'>B.,</span> <span class='ocrx_word' id='word_1_195' title='bbox 1132 3938 1226 3992; x_wconf 81' lang='lat' dir='ltr'>Abella</span> <span class='ocrx_word' id='word_1_196' title='bbox 1242 3936 1301 3991; x_wconf 85' lang='lat' dir='ltr'>cod.</span> <span class='ocrx_word' id='word_1_197' title='bbox 1313 3964 1344 3978; x_wconf 84' lang='lat'><em>-</em></span> 
     </span>
     <span class='ocr_line' id='line_1_29' title="bbox 192 4020 1344 4089; baseline 0 -18"><span class='ocrx_word' id='word_1_198' title='bbox 192 4024 352 4089; x_wconf 76' lang='lat' dir='ltr'>corruperat]</span> <span class='ocrx_word' id='word_1_199' title='bbox 370 4024 441 4088; x_wconf 84' lang='lat' dir='ltr'>cod.3</span> <span class='ocrx_word' id='word_1_200' title='bbox 457 4029 626 4085; x_wconf 79' lang='lat' dir='ltr'>corrupuercrl</span> <span class='ocrx_word' id='word_1_201' title='bbox 642 4027 682 4086; x_wconf 89' lang='lat'>(=</span> <span class='ocrx_word' id='word_1_202' title='bbox 699 4024 872 4084; x_wconf 78' lang='lat' dir='ltr'>corripuerat)</span> <span class='ocrx_word' id='word_1_203' title='bbox 888 4023 934 4085; x_wconf 86' lang='lat' dir='ltr'>B.;</span> <span class='ocrx_word' id='word_1_204' title='bbox 948 4023 1068 4071; x_wconf 83' lang='lat' dir='ltr'>Franck.</span> <span class='ocrx_word' id='word_1_205' title='bbox 1084 4025 1120 4084; x_wconf 91' lang='lat' dir='ltr'>(p.</span> <span class='ocrx_word' id='word_1_206' title='bbox 1137 4021 1195 4083; x_wconf 80' lang='lat'>238)</span> <span class='ocrx_word' id='word_1_207' title='bbox 1214 4020 1344 4085; x_wconf 91' lang='lat' dir='ltr'>proponit</span> 
     </span>
     <span class='ocr_line' id='line_1_30' title="bbox 193 4101 1344 4166; baseline -0.002 -13"><span class='ocrx_word' id='word_1_208' title='bbox 193 4120 255 4166; x_wconf 76' lang='lat' dir='ltr'>quor</span> <span class='ocrx_word' id='word_1_209' title='bbox 268 4105 296 4153; x_wconf 79' lang='lat' dir='ltr'>in</span> <span class='ocrx_word' id='word_1_210' title='bbox 311 4105 397 4154; x_wconf 82' lang='lat' dir='ltr'>urbem</span> <span class='ocrx_word' id='word_1_211' title='bbox 412 4103 568 4166; x_wconf 75' lang='lat' dir='ltr'>compulerat</span> <span class='ocrx_word' id='word_1_212' title='bbox 584 4108 635 4154; x_wconf 81' lang='lat' dir='ltr'>aut</span> <span class='ocrx_word' id='word_1_213' title='bbox 651 4104 857 4165; x_wconf 67' lang='lat' dir='ltr'>circumdederat,</span> <span class='ocrx_word' id='word_1_214' title='bbox 883 4101 930 4152; x_wconf 88' lang='lat' dir='ltr'>sed</span> <span class='ocrx_word' id='word_1_215' title='bbox 948 4101 1070 4152; x_wconf 81' lang='lat' dir='ltr'>alterum</span> <span class='ocrx_word' id='word_1_216' title='bbox 1095 4101 1208 4166; x_wconf 84' lang='lat' dir='ltr'>longius</span> <span class='ocrx_word' id='word_1_217' title='bbox 1228 4108 1271 4151; x_wconf 88' lang='lat' dir='ltr'>est</span> <span class='ocrx_word' id='word_1_218' title='bbox 1295 4118 1344 4165; x_wconf 85' lang='lat' dir='ltr'>pro</span> 
     </span>
     <span class='ocr_line' id='line_1_31' title="bbox 193 4181 1345 4246; baseline -0.002 -11"><span class='ocrx_word' id='word_1_219' title='bbox 193 4201 310 4235; x_wconf 89' lang='lat' dir='ltr'>numero</span> <span class='ocrx_word' id='word_1_220' title='bbox 325 4184 487 4237; x_wconf 84' lang='lat' dir='ltr'>litterarum</span> <span class='ocrx_word' id='word_1_221' title='bbox 504 4185 532 4234; x_wconf 90' lang='lat' dir='ltr'>in</span> <span class='ocrx_word' id='word_1_222' title='bbox 550 4183 616 4246; x_wconf 77' lang='lat' dir='ltr'>cod¹</span> <span class='ocrx_word' id='word_1_223' title='bbox 634 4183 756 4235; x_wconf 78' lang='lat' dir='ltr'>alterum</span> <span class='ocrx_word' id='word_1_224' title='bbox 773 4184 824 4234; x_wconf 91' lang='lat' dir='ltr'>hoc</span> <span class='ocrx_word' id='word_1_225' title='bbox 843 4185 903 4233; x_wconf 88' lang='lat' dir='ltr'>loco</span> <span class='ocrx_word' id='word_1_226' title='bbox 918 4199 974 4232; x_wconf 90' lang='lat' dir='ltr'>non</span> <span class='ocrx_word' id='word_1_227' title='bbox 992 4181 1133 4233; x_wconf 89' lang='lat' dir='ltr'>idoneum.</span> <span class='ocrx_word' id='word_1_228' title='bbox 1157 4182 1213 4246; x_wconf 88' lang='lat' dir='ltr'>Ipsi</span> <span class='ocrx_word' id='word_1_229' title='bbox 1231 4182 1345 4233; x_wconf 86' lang='lat' dir='ltr'>conicie-</span> 
     </span>
     <span class='ocr_line' id='line_1_32' title="bbox 194 4262 1346 4327; baseline -0.002 -11"><span class='ocrx_word' id='word_1_230' title='bbox 194 4265 293 4316; x_wconf 82' lang='lat' dir='ltr'>bamus</span> <span class='ocrx_word' id='word_1_231' title='bbox 311 4272 531 4317; x_wconf 70' lang='lat' dir='ltr'>«occurruerclo</span> <span class='ocrx_word' id='word_1_232' title='bbox 557 4264 612 4327; x_wconf 85' lang='lat' dir='ltr'>sed,</span> <span class='ocrx_word' id='word_1_233' title='bbox 638 4281 666 4316; x_wconf 89' lang='lat' dir='ltr'>re</span> <span class='ocrx_word' id='word_1_234' title='bbox 684 4265 784 4316; x_wconf 84' lang='lat' dir='ltr'>melius</span> <span class='ocrx_word' id='word_1_235' title='bbox 808 4263 992 4326; x_wconf 81' lang='lat' dir='ltr'>considerata,</span> <span class='ocrx_word' id='word_1_236' title='bbox 1012 4262 1071 4314; x_wconf 86' lang='lat' dir='ltr'>cod.</span> <span class='ocrx_word' id='word_1_237' title='bbox 1088 4263 1236 4320; x_wconf 85' lang='lat' dir='ltr'>lectionem</span> <span class='ocrx_word' id='word_1_238' title='bbox 1253 4280 1346 4314; x_wconf 81' lang='lat' dir='ltr'>serva·</span> 
     </span>
     <span class='ocr_line' id='line_1_33' title="bbox 192 4344 1345 4411; baseline -0.003 -13"><span class='ocrx_word' id='word_1_239' title='bbox 192 4348 294 4398; x_wconf 72' lang='lat' dir='ltr'>vimus</span> <span class='ocrx_word' id='word_1_240' title='bbox 309 4375 341 4385; x_wconf 92' lang='lat'>-</span> <span class='ocrx_word' id='word_1_241' title='bbox 356 4347 407 4397; x_wconf 66' lang='lat' dir='ltr'>niei</span> <span class='ocrx_word' id='word_1_242' title='bbox 421 4348 508 4397; x_wconf 73' lang='lat' dir='ltr'>ciudcr</span> <span class='ocrx_word' id='word_1_243' title='bbox 525 4374 554 4383; x_wconf 95' lang='lat'>-</span> <span class='ocrx_word' id='word_1_244' title='bbox 571 4346 746 4411; x_wconf 73' lang='lat' dir='ltr'>redderentur]</span> <span class='ocrx_word' id='word_1_245' title='bbox 764 4345 939 4396; x_wconf 86' lang='lat' dir='ltr'>Schmidtius</span> <span class='ocrx_word' id='word_1_246' title='bbox 954 4350 964 4408; x_wconf 85' lang='lat'>(</span> <span class='ocrx_word' id='word_1_247' title='bbox 966 4362 991 4409; x_wconf 91' lang='lat' dir='ltr'>p.</span> <span class='ocrx_word' id='word_1_248' title='bbox 1008 4345 1066 4406; x_wconf 78' lang='lat'>225)</span> <span class='ocrx_word' id='word_1_249' title='bbox 1090 4344 1132 4395; x_wconf 84' lang='lat' dir='ltr'>itu</span> <span class='ocrx_word' id='word_1_250' title='bbox 1148 4349 1241 4395; x_wconf 85' lang='lat' dir='ltr'>censet</span> <span class='ocrx_word' id='word_1_251' title='bbox 1258 4344 1345 4395; x_wconf 84' lang='lat' dir='ltr'>verba</span> 
     </span>
     <span class='ocr_line' id='line_1_34' title="bbox 192 4422 1343 4494; baseline -0.002 -17"><span class='ocrx_word' id='word_1_252' title='bbox 192 4426 400 4494; x_wconf 80' lang='lat' dir='ltr'>transponenda</span> <span class='ocrx_word' id='word_1_253' title='bbox 410 4445 416 4478; x_wconf 78' lang='lat' dir='ltr'><strong><em>z</em></strong></span> <span class='ocrx_word' id='word_1_254' title='bbox 432 4427 483 4477; x_wconf 76' lang='lat' dir='ltr'>uici</span> <span class='ocrx_word' id='word_1_255' title='bbox 496 4428 585 4477; x_wconf 73' lang='lat' dir='ltr'>civitae</span> <span class='ocrx_word' id='word_1_256' title='bbox 595 4426 658 4489; x_wconf 32' lang='lat' dir='ltr'>ikvussr</span> <span class='ocrx_word' id='word_1_257' title='bbox 668 4425 775 4476; x_wconf 81' lang='lat' dir='ltr'>daretur</span> <span class='ocrx_word' id='word_1_258' title='bbox 790 4432 813 4476; x_wconf 81' lang='lat' dir='ltr'>el</span> <span class='ocrx_word' id='word_1_259' title='bbox 825 4426 944 4489; x_wconf 70' lang='lat' dir='ltr'>persupia</span> <span class='ocrx_word' id='word_1_260' title='bbox 962 4424 1073 4475; x_wconf 74' lang='lat' dir='ltr'>cornibus</span> <span class='ocrx_word' id='word_1_261' title='bbox 1083 4423 1148 4474; x_wconf 72' lang='lat' dir='ltr'>borea</span> <span class='ocrx_word' id='word_1_262' title='bbox 1158 4422 1343 4488; x_wconf 60' lang='lat' dir='ltr'>reddendum</span> 
     </span>
    </p>
   </div>
   <div class='ocr_carea' id='block_1_6' title="bbox 0 0 1660 5167">
    <p class='ocr_par' dir='ltr' id='par_1_11' title="bbox 0 0 1660 5167">
     <span class='ocr_line' id='line_1_35' title="bbox 0 0 1660 5167; baseline 0 0"><span class='ocrx_word' id='word_1_263' title='bbox 0 0 1660 5167; x_wconf 95' lang='lat' dir='ltr'> </span> 
     </span>
    </p>
   </div>
  </div>
 </body>
</html>
