3309 5167
793 288 953 347 ,56-

346 424 375 494 a.
393 411 457 474 a'-
477 421 616 487 arnamar]
635 420 760 486 Longius
775 422 864 484 (uam.
879 422 970 472 Auri.
987 422 1036 483 111,
1054 437 1078 484 p.
1097 420 1143 469 rm
1158 423 1186 470 ec
1203 421 1296 482 seqq.),
1313 415 1362 482 qur
1380 415 1449 481 regu

300 505 454 568 dimiserant,
471 504 590 555 collocat
606 508 744 568 punctum
761 508 823 567 post
840 504 926 553 verba
948 503 1054 565 «frater
1067 502 1138 564 fuit»
1160 505 1197 563 (v.
1214 503 1334 561 comm).
1348 527 1378 536 -
1395 500 1449 550 iam

300 592 381 648 anua,
397 602 465 634 auno
488 584 628 648 superiore]
655 585 685 633 Β.
709 582 770 647 (qui
790 597 856 634 cum
872 584 967 634 codice
983 582 1115 633 scribunt
1131 588 1188 632 cate
1205 598 1254 645 pro
1270 584 1356 642 anuo)
1379 580 1449 629 haee

300 667 387 717 verba
403 664 631 716 additamentum
656 664 849 727 epitomatoris
866 669 969 727 putant
980 663 1019 714 eis
1030 679 1103 727 quae
1115 662 1149 712 de
1161 660 1316 712 volaterris
1330 676 1450 711 narran-

207 761 213 768 ·
300 751 358 809 tur,
374 753 459 810 atque
476 762 508 796 ea
524 745 558 796 de
577 760 663 795 causa
678 742 844 808 secludunt,
858 744 905 794 sed
923 743 1005 794 facile
1022 742 1149 806 intellegi
1162 747 1253 807 potest
1267 742 1445 791 «micantea»

301 825 493 878 connectenda
518 841 576 876 esse
595 824 633 876 eis
658 840 730 889 quae
754 830 924 889 sequuntur.
947 821 1158 875 Dieckmannus
1183 837 1249 873 cum
1273 822 1450 872 Franckenio

302 926 313 951 ι
331 923 398 956 auno
413 907 546 968 superiore
562 928 571 948 »
592 906 738 955 existimat
754 904 907 969 glossema,
924 903 999 968 quod
1017 904 1103 955 verba
1125 926 1134 947 ε
1151 904 1204 953 iam
1220 909 1278 952 ante
1293 920 1360 952 antro
1375 919 1451 964 aupe-
1515 944 1521 948 .

300 987 370 1036 riore
386 1006 399 1032 »
419 988 485 1037 inter
500 1003 525 1035 se
541 985 661 1046 coniunpi
675 985 714 1034 uel
732 1001 777 1034 nra
798 985 972 1046 praumatica
987 990 1061 1033 relat.
1078 984 1143 1046 Noa,
1156 982 1302 1034 levissimo
1318 980 1449 1032 emenda-

302 1072 396 1117 mento
412 1068 494 1122 facto.
505 1082 538 1116 ea
549 1066 642 1136 sanari
661 1081 738 1129 posse
754 1081 906 1115 censemus.
923 1093 953 1101 -
967 1064 1126 1130 Papiusque]
1144 1064 1272 1114 restituit
1289 1078 1330 1128 p.;
1347 1064 1451 1113 PAPI-

301 1146 460 1207 RIUSQUE
476 1145 536 1197 cod.
552 1174 583 1183 -
595 1146 695 1210 Baetin]
719 1143 765 1208 sie,
783 1150 816 1195 ut
834 1151 876 1195 est
895 1145 971 1209 apud
988 1144 1047 1195 Liv.
1061 1161 1118 1206 per.
1137 1144 1175 1207 89,
1192 1144 1284 1194 scribo
1296 1160 1345 1208 pro
1355 1143 1452 1193 Bassia

301 1225 375 1290 quod
393 1225 452 1276 cod.
468 1226 581 1278 exhibet
598 1231 685 1289 atque
701 1230 847 1289 acceptum
865 1230 908 1275 est
927 1241 944 1275 a
962 1241 987 1289 p.
1005 1228 1034 1275 et
1051 1225 1081 1274 B.
1097 1253 1128 1263 -

357 1524 394 1577 A.
416 1523 532 1578 Desunt
550 1522 621 1577 folia
640 1522 747 1593 quibus
767 1540 814 1578 res
834 1540 886 1578 sex
906 1540 1053 1577 annorum
1067 1521 1191 1576 669-674
1204 1522 1447 1578 continebantur.

305 1644 338 1653 —-
359 1612 562 1683 Pompeius-
577 1612 777 1686 triumphavit]
798 1613 840 1668 De
854 1630 933 1667 anno
946 1630 1004 1683 quo
1019 1612 1178 1684 Pompeius
1192 1612 1391 1684 triumphavit
1403 1630 1448 1667 ar·

305 1701 363 1756 dua
382 1708 429 1757 est
448 1704 584 1773 quaestio
603 1710 634 1756 et
654 1719 742 1773 saepe
761 1720 778 1755 a
797 1702 895 1758 doctis
915 1704 988 1757 viris
1008 1701 1097 1757 huius
1125 1699 1269 1773 temporis
1293 1703 1448 1772 exagitata

305 1791 346 1861 (v.
367 1789 490 1845 Fischer
509 1793 591 1846 Rom.
611 1789 787 1858 Zeittcfeln‚
806 1808 834 1860 p.
854 1791 920 1858 1883
940 1790 1104 1856 Drumann,
1126 1790 1224 1845 Gesclr.
1244 1793 1327 1846 Rdnr.
1348 1789 1398 1854 lV,
1416 1808 1446 1861 p.

305 1878 374 1947 337;
394 1880 505 1951 Lange¹
525 1883 607 1936 Rom.
626 1883 726 1935 Alteri.
744 1879 801 1945 Ill,
820 1898 847 1952 p.
867 1881 932 1946 1093
955 1880 1075 1934 Momm.
1098 1882 1130 1935 R.
1146 1879 1180 1934 G.
1200 1879 1259 1935 vol.
1278 1878 1310 1933 II
1331 1897 1356 1946 p.
1375 1880 1447 1949 333;

306 1969 426 2024 Linker.
446 1969 465 2023 l.
485 1988 523 2023 m.
543 1988 569 2042 p.
588 1970 661 2041 637),
681 1988 748 2024 cum
769 1978 886 2025 veteres
905 1971 1067 2040 scriptores
1091 1971 1122 2023 in
1142 1968 1303 2023 statuenda
1323 1969 1448 2040 Pompei

306 2058 521 2129 triumphantis
540 2063 639 2113 aetate
656 2060 736 2113 inter
755 2076 787 2114 se
806 2058 995 2114 dissentiant.
1015 2057 1102 2130 Apud
1122 2059 1202 2112 enim
1221 2058 1288 2111 Liv.
1308 2059 1381 2128 (per.
1402 2061 1449 2115 89l

306 2147 448 2218 legimus:
458 2152 597 2219 quattuor
609 2152 635 2203 et
646 2148 752 2219 uipinti
763 2166 857 2204 anuos
871 2153 967 2215 uatus,
983 2148 1059 2220 apud
1074 2149 1250 2220 Eutropium
1263 2148 1309 2220 (V,
1322 2150 1351 2218 9)
1364 2166 1450 2219 quar·

307 2239 368 2292 tum
386 2241 413 2291 et
430 2240 491 2293 XX
506 2256 620 2295 aunum
638 2255 735 2309 operar,
755 2238 834 2309 apud
853 2238 960 2293 Pseud.
980 2238 1052 2292 Aur.
1066 2238 1142 2292 Vict.
1154 2239 1202 2309 (de
1215 2237 1268 2293 uir.
1285 2238 1325 2293 ill.
1344 2238 1391 2309 77)
1403 2239 1450 2293 ui-

303 2325 383 2396 pr'ntr‘
398 2344 451 2383 sear
468 2344 563 2383 auitos
581 2332 678 2383 uultis.
708 2330 781 2382 (lum
809 2333 925 2382 certum
949 2329 989 2383 sit
1009 2328 1182 2399 Pompeium
1203 2327 1278 2399 prid.
1298 2328 1368 2382 Kal.
1388 2335 1447 2383 oct.

306 2432 386 2471 anno
404 2418 458 2471 648
470 2425 574 2471 natum
588 2434 653 2472 esse
666 2417 748 2488 (quid
762 2416 943 2472 censendum
958 2419 998 2471 sit
1012 2416 1048 2472 de
1060 2418 1262 2471 Bonnensium
1277 2420 1450 2472 coniectura

312 2527 323 2553 ‹
337 2508 416 2561 solus
433 2506 580 2576 superiore
590 2505 697 2576 pouit»
716 2507 775 2560 iam
789 2523 880 2577 supra
893 2503 1035 2578 diximus)
1048 2523 1084 2560 ex
1107 2506 1254 2560 Liciniani
1271 2506 1336 2561 loeo
1348 2506 1451 2578 colligi

307 2594 411 2649 liceret
424 2612 490 2649 eum
501 2594 566 2649 1111
581 2595 648 2650 idus
658 2595 784 2650 Martias
794 2612 820 2649 a.
831 2614 860 2650 u.
875 2594 927 2649 674
943 2595 1144 2666 triumphasse
1154 2596 1235 2666 (nam
1249 2613 1344 2651 annos
1358 2602 1450 2651 natus

307 2699 368 2739 xxv
378 2689 459 2737 recte
468 2682 526 2737 dici
537 2700 595 2737 non
607 2684 704 2753 potuit
716 2685 773 2737 nisi
786 2689 852 2754 post
864 2682 941 2737 diem
953 2684 1091 2737 ultimum
1103 2684 1284 2753 septembris
1295 2686 1365 2738 anni
1376 2684 1452 2754 673),

307 2773 366 2828 nisi
385 2772 513 2827 Romani
532 2774 693 2843 scriptores
712 2791 800 2843 saepe
819 2791 931 2826 annum
951 2774 1081 2827 nondum
1102 2772 1266 2843 perfectum
1279 2780 1313 2827 ut
1328 2773 1451 2843 plenum

307 2868 510 2916 numerarent.
530 2861 636 2932 Itaque
655 2879 692 2917 ne
711 2862 859 2916 Liciniani
879 2863 971 2917 verba
990 2862 1109 2932 quidem
1124 2879 1175 2933 per
1189 2879 1221 2916 se
1241 2861 1353 2932 aliquid
1373 2880 1452 2917 com·

307 2952 385 3021 perti
404 2950 589 3021 praeberent,
609 2952 667 3006 nisi
686 2950 935 3005 confirmarentur
955 2952 997 3005 eis
1016 2968 1091 3021 quae
1105 2969 1122 3004 a
1147 2950 1320 3004 Drumanno
1331 2951 1360 3020 (l.
1374 2969 1411 3005 m.
1425 2951 1451 3016 Ι,

307 3039 434 3111 324327)
452 3039 605 3110 disputata
621 3045 700 3105 sunt,
715 3039 801 3107 unde,
815 3058 880 3095 mea
895 3043 1054 3107 sententia,
1068 3041 1143 3095 satis
1156 3039 1261 3104 elucet,
1276 3040 1451 3111 Pompeium

307 3146 386 3183 anno
404 3126 457 3182 674
476 3129 717 3199 triumphavisse.
731 3161 766 3174 -
781 3131 846 3185 IIII
863 3130 931 3184 idus
950 3128 1087 3201 Martius]
1107 3128 1250 3199 triumphi
1270 3128 1349 3183 diem
1368 3130 1452 3185 solus

307 3217 493 3297 Licinianius
511 3218 615 3272 tradit.
631 3250 664 3258 -
678 3222 840 3274 mensurant
858 3251 891 3260 -
910 3218 1027 3291 israelis]
1046 3219 1082 3273 cf.
1102 3218 1182 3272 Plut.
1203 3222 1318 3291 (Pomp.
1340 3220 1396 3289 14);
1421 3235 1453 3275 v.

308 3324 407 3377 supra.
429 3338 462 3348 -
486 3306 624 3380 Murena]
647 3308 680 3361 L.
693 3308 827 3363 Licinius
846 3308 980 3376 Murena,
1000 3311 1051 3379 qui
1070 3309 1169 3363 Sullae
1188 3309 1309 3379 legatus
1327 3310 1358 3362 in
1378 3308 1454 3363 Asia

307 3394 406 3449 fuerat
418 3395 466 3468 (de
483 3413 541 3466 quo
555 3413 581 3451 v.
596 3395 689 3450 Cicer.
702 3413 757 3467 pro
772 3398 912 3467 Murena)
924 3409 1002 3451 anno
1016 3398 1069 3450 672
1082 3396 1317 3472 triumphavisse
1331 3397 1455 3451 videtur

308 3486 348 3554 [v.
362 3484 518 3538 Drumann
532 3484 582 3553 IV,
594 3504 620 3556 p.
634 3486 686 3539 185
700 3485 766 3540 adn.
780 3487 840 3557 89);
855 3486 1028 3541 Licinianus
1042 3487 1354 3541 incommemorandis
1367 3486 1454 3541 Pom·

307 3567 354 3645 pei
373 3580 404 3628 et
423 3573 566 3629 Murenae
586 3575 745 3646 triumphis
764 3580 932 3645 temporum
953 3577 1099 3630 rationem
1126 3593 1207 3630 more
1227 3593 1281 3630 suo
1300 3575 1451 3646 neglexit.

308 3694 342 3701 -
357 3662 489 3718 Valerius
506 3661 641 3735 Flaccus]
660 3662 691 3716 G.
705 3662 842 3717 Valerius
861 3663 987 3718 Flaccus
1006 3664 1036 3717 in
1056 3663 1155 3717 Gallia
1174 3681 1226 3734 pro
1240 3668 1378 3735 praetore
1391 3663 1454 3717 fuit
1509 3698 1511 3701 >

307 3768 334 3805 a.
346 3752 400 3806 670
411 3751 451 3823 (v.
465 3751 523 3805 (lic.
537 3768 594 3822 pro
609 3751 764 3820 Quinctio);
783 3752 955 3823 triumphus
976 3754 1039 3807 eius
1058 3758 1089 3807 ot
1102 3753 1231 3807 victoria
1244 3752 1280 3807 de
1293 3751 1454 3809 Celtiberis
1468 3787 1471 3788 ν

308 3840 533 3912 ignorabantur.
552 3840 706 3910 Wijnnius
725 3841 754 3910 (l.
770 3858 807 3894 m.
822 3859 848 3911 p.
863 3842 927 3912 358)
946 3846 1033 3911 putat
1052 3841 1117 3895 fieri
1133 3843 1266 3912 potuisse
1279 3847 1314 3895 ut
1327 3842 1455 3896 Licinia·

308 3948 365 3985 nus
384 3947 420 3984 ex
439 3930 554 3984 duobus
571 3930 700 3986 Valeriis
719 3930 842 3998 Plateis,
862 3931 965 3998 altero,
985 3949 1063 3985 anno
1077 3932 1129 3984 656
1144 3949 1197 4002 pro
1212 3931 1334 3987 consule
1346 3936 1455 3987 contra

309 4018 481 4086 Celtiberos,
499 4018 595 4073 altero
614 4018 666 4072 671
687 4036 739 4089 pro
757 4026 895 4090 praetore
914 4022 945 4075 in
964 4006 1062 4074 Gallia
1081 4029 1121 4090 (v.
1140 4020 1224 4075 Paul.
1243 4024 1279 4077 R.
1299 4025 1335 4077 E.
1355 4020 1407 4089 VI,
1424 4039 1455 4093 p.

308 4109 379 4162 2343
398 4127 425 4162 n.
439 4108 490 4177 35;
508 4107 576 4162 ibid.
592 4127 618 4178 p.
631 4108 703 4162 2344
721 4126 750 4165 n.
763 4110 810 4181 58)
822 4128 916 4163 unum
937 4110 1121 4181 eundemque
1137 4110 1258 4165 faceret.
1270 4142 1303 4152 -
1316 4109 1456 4166 Licinius

309 4202 335 4253 et
357 4202 419 4255 Ter.
436 4196 564 4270 Luculli]
584 4197 718 4252 Alterius
737 4216 917 4269 praenomen
937 4200 1055 4266 Lucius,
1080 4198 1206 4255 alterius
1235 4217 1308 4254 vero
1328 4202 1456 4255 Murcus

309 4290 349 4359 (v.
369 4287 452 4343 Paul.
471 4290 507 4343 Ii.
523 4290 557 4345 Ε.
576 4286 626 4355 IV,
646 4288 869 4359 ρ.·1070-1074).
888 4288 953 4344 Hos
972 4287 1083 4344 aediles
1102 4289 1197 4345 fuisse
1216 4306 1295 4344 anno
1314 4290 1367 4343 676
1382 4306 1457 4356 non,

307 4384 342 4434 ut
355 4378 388 4432 B.
398 4376 552 4444 adnotant,
566 4392 645 4430 anno
655 4376 716 4445 674,
727 4378 894 4448 accepimus
908 4394 944 4432 ex
959 4377 1130 4432 Fenestella
1144 4375 1223 4447 apud
1238 4377 1314 4432 Plin.
1326 4377 1402 4433 Har.
1413 4380 1455 4435 N.
