3309 5167
662 322 822 390 ..23-

220 454 255 509 A.
275 452 341 510 Hoc
360 457 390 510 et
409 470 470 525 seq.
489 453 561 509 folio
580 452 724 508 nonnulla
743 457 908 508 narrantur
927 469 964 508 ex
984 453 1021 509 iis
1041 470 1116 525 quae
1135 452 1218 510 bello
1237 453 1313 509 Cim·

167 544 249 600 brice
267 545 347 599 iacta
366 549 437 600 sunt
450 562 530 616 anno
543 562 571 599 u.
584 543 646 604 649.
659 575 693 587 -
706 542 858 600 Aurelium
871 541 1029 617 Scaurum]
1042 543 1146 599 consul
1158 561 1238 599 anno
1250 544 1313 598 Cib,

169 634 297 690 Isanno
316 634 378 701 649,
397 634 528 690 consulis
548 632 643 689 Mallii
661 633 786 689 Maximi
805 633 932 705 legatus,
954 651 1021 688 cum
1040 635 1071 688 in
1090 635 1215 690 sinistra
1233 631 1313 688 Rho·

168 722 238 778 dani
257 725 330 795 ripa,
350 722 439 793 paulo
456 722 536 778 infra
551 719 758 790 drausionem,
772 722 823 777 ubi
837 722 958 778 Mallius
971 724 1035 794 ipse
1049 728 1149 779 castra
1162 728 1313 795 posuerat,

168 814 248 886 parti
266 815 417 869 exereitus
435 818 596 884 praeesset,
617 814 730 885 primus
749 830 817 869 eum
836 812 964 869 Cimbris
983 812 1129 885 proelium
1147 814 1312 881 commisit3

168 902 229 971 sed,
247 902 314 959 fuso
332 904 475 971 exercitu,
495 908 600 975 captus
619 908 666 959 est
685 906 715 959 et
733 904 765 957 in
784 907 885 957 cestra
903 902 1036 959 hostium
1055 901 1171 958 ductus.
1186 934 1219 944 -
1239 918 1314 974 equo

167 992 317 1066 deiectum]
336 992 365 1047 id
384 1011 402 1047 a
421 992 485 1049 solo
503 993 660 1048 Liciniano
678 992 831 1048 habemus.
852 1023 885 1034 -
911 997 1030 1048 vocotus
1047 993 1080 1048 in
1098 991 1253 1048 concilium
1276 1022 1310 1034 -

168 1086 223 1138 aiot
238 1082 326 1157 dixit]
339 1082 374 1138 cf.
395 1084 461 1139 Liv‘.
476 1083 543 1139 Per.
556 1083 686 1140 LXVII:
704 1087 748 1140 M.
761 1083 900 1139 Aurelius
913 1085 1046 1141 Scaurus
1058 1086 1173 1157 Iapetus
1184 1083 1314 1140 seruulis

168 1188 189 1226 o
210 1170 334 1229 Cimbris
350 1173 419 1242 fuso
438 1172 566 1233 eaeucitu
583 1176 689 1244 captus
707 1176 755 1243 est,
777 1176 887 1228 etcum
906 1173 940 1228 io
968 1173 1122 1229 coaulicos
1148 1172 1244 1229 abeis
1263 1174 1313 1228 od

167 1264 288 1317 uocatus
313 1264 466 1318 deterreret
483 1279 530 1318 eos
556 1280 593 1318 ue
611 1264 698 1334 Alpes
717 1261 878 1319 transirent
903 1261 1021 1319 Italiam
1037 1262 1166 1333 petituri,
1186 1262 1315 1334 eoquod

167 1350 277 1406 diceret
293 1350 443 1407 Romanos
455 1351 536 1408 uinci
547 1368 606 1408 noa
621 1368 714 1423 posse,
727 1369 746 1408 o
760 1351 894 1423 Boioripe
911 1351 1004 1421 feroci
1021 1352 1123 1407 iuuene
1141 1352 1252 1407 occisus
1264 1354 1313 1407 est.

167 1439 213 1494 De
231 1445 329 1497 morte
348 1439 451 1496 Scauri
465 1459 497 1498 v.
512 1444 602 1498 etiem
616 1441 691 1498 Vell.
707 1441 773 1496 Pat.
790 1441 830 1508 II,
845 1442 888 1510 12,
902 1443 932 1510 23
947 1442 1041 1497 Tacit.
1057 1442 1213 1508 Gerou37;
1227 1440 1314 1497 Dion.

169 1529 252 1585 Cass.
272 1529 309 1585 fr.
325 1530 361 1585 89
378 1530 504 1603 (Melb.);
534 1530 635 1599 Quint.
654 1534 733 1588 Deel.
752 1530 809 1599 111,
831 1531 878 1600 13;
898 1531 981 1587 Oros.
1000 1531 1034 1600 V,
1057 1531 1100 1597 16,
1119 1531 1144 1600 2,
1169 1532 1220 1601 qui
1237 1531 1314 1586 falso

168 1636 249 1675 anno
268 1619 321 1674 642
348 1619 502 1691 proelium,
522 1639 580 1692 quo
599 1620 728 1677 Scaurus
747 1626 853 1692 captus
872 1625 927 1689 est,
946 1620 1059 1675 iactum
1079 1637 1144 1675 esse
1157 1619 1238 1688 dicit,
1258 1618 1314 1674 du·

168 1726 293 1780 cemque
311 1709 515 1765 Romanorum
534 1710 574 1765 M.
593 1710 755 1766 Aemilium
774 1710 915 1782 appellat.
934 1742 969 1751 -
987 1727 1039 1766 uec
1056 1709 1130 1781 ipsis
1149 1710 1316 1781 petentebus

166 1798 281 1873 ducem]
300 1800 330 1854 id
348 1818 464 1872 quoque
483 1819 538 1857 nos
557 1800 644 1857 docet
662 1800 744 1857 solus
762 1801 945 1857 Licinianus.
959 1832 994 1843 -
1007 1817 1037 1856 se
1050 1800 1317 1856 accerserentur

167 1890 343 1946 uuecundio
356 1894 432 1946 ut-
446 1889 525 1965 esset]
535 1890 726 1958 Schmidtius‚
739 1908 793 1946 sua
807 1892 981 1947 coniectura
990 1893 1143 1962 proposita
1153 1891 1193 1960 (v.
1204 1890 1314 1962 supra),

168 1979 353 2048 verecundia,
363 1981 469 2051 inquit,
479 1981 633 2037 deterritus
645 1985 707 2036 eret
722 1998 781 2037 uon
796 1980 954 2052 quominus
965 1997 1114 2036 umorum
1126 1982 1316 2036 barbarorum

168 2067 326 2139 imperium
344 2069 493 2139 occiperet,
512 2071 563 2125 sed
580 2069 739 2141 quominus
759 2086 856 2126 necem
874 2070 1028 2141 effuperet:
1045 2069 1190 2126 isscilicet
1202 2071 1317 2124 uolebat

168 2157 312 2214 eaeuciteu
327 2174 381 2214 suo
397 2157 550 2229 interfecto
576 2175 733 2230 superesse.
761 2158 856 2225 Quam
883 2160 1166 2230 interpretationem
1195 2159 1316 2213 omnine

168 2245 351 2302 reiciendum
370 2264 484 2317 censeo,
499 2265 565 2303 eum
578 2265 674 2320 neque
687 2248 781 2302 ullum
795 2247 910 2316 ducem,
926 2248 976 2319 qui
990 2246 1118 2302 officium
1131 2264 1219 2303 suum
1234 2263 1316 2318 prae·

170 2337 295 2403 stiterit,
314 2353 446 2409 unquam
464 2336 575 2408 pudeat
592 2338 753 2393 interfecto
770 2338 925 2406 exercitui,
944 2339 970 2393 si
989 2337 1052 2393 fors
1071 2337 1187 2404 tulerit,
1215 2354 1316 2407 super·

171 2427 276 2482 stitem
295 2443 369 2496 esse,
388 2444 484 2498 neque
502 2427 613 2483 Scauro
632 2427 710 2499 quod
730 2427 890 2484 consilium
910 2426 1092 2482 Schmidtius
1106 2427 1134 2482 ei
1152 2426 1269 2491 tribuit,
1283 2442 1316 2481 re

170 2534 245 2573 vera
257 2517 350 2573 fuisse
362 2517 513 2587 videatur3
526 2536 596 2573 nam
610 2519 719 2589 quovis
729 2518 816 2573 modo
826 2522 955 2573 mortem
968 2519 1068 2589 potius
1087 2513 1213 2589 petisset
1225 2534 1316 2587 quam

171 2606 263 2671 vivus
280 2607 311 2661 in
330 2624 437 2662 manus
455 2606 587 2663 hostium
606 2599 733 2676 veniret,
753 2625 820 2662 cum
841 2606 998 2678 providere
1016 2623 1076 2661 non
1096 2610 1197 2677 posset
1216 2623 1234 2660 a
1252 2605 1317 2660 bar·

171 2693 254 2750 baris
272 2697 430 2767 repentina
448 2697 493 2750 ira
513 2697 669 2752 commotis
687 2696 751 2751 fore
771 2701 805 2750 ut
829 2701 997 2751 necaretur.
1027 2694 1111 2761 Quod
1136 2692 1317 2750 verecundia

172 2784 225 2840 ille
243 2802 303 2839 non
322 2786 475 2852 sustinuit,
496 2803 562 2841 mea
582 2787 735 2841 sententia
754 2785 810 2840 hoe
828 2785 895 2849 fuit,
915 2791 949 2839 ut
963 2786 1058 2840 vitam
1071 2789 1208 2839 servaret
1221 2784 1318 2855 pretio

171 2872 325 2929 dedecoris
343 2874 373 2928 in
402 2873 480 2945 quod
507 2874 663 2930 incidisset
691 2876 716 2929 si
746 2873 806 2928 dux
827 2873 958 2929 hostium
978 2877 1083 2928 contra
1103 2874 1231 2943 patriam
1250 2870 1317 2927 fieri

173 2980 280 3033 passus
298 2967 386 3019 esset.
404 2962 511 3019 Italice
531 2965 611 3021 verti
631 2970 748 3035 potest:
777 2965 842 3019 ebbe
869 2979 1013 3035 oerpopau
1034 2960 1163 3031 diferri
1184 2964 1227 3016 lor
1244 2962 1318 3017 duce

170 3069 225 3123 per
243 3068 335 3118 acere,
354 3055 430 3123 dopo
446 3055 572 3124 perduto
590 3053 612 3109 il
629 3070 682 3109 suo
701 3053 826 3122 eserciio,
846 3056 928 3108 soloe
946 3055 976 3108 lc
994 3052 1111 3108 11111-
1133 3051 1238 3106 littoris
1250 3067 1319 3122 sup·

170 3140 306 3215 plicibus]
333 3142 508 3198 Licinianus
526 3160 590 3199 rem
609 3142 710 3199 verbis
729 3147 829 3214 auget,
849 3148 884 3196 ut
905 3147 987 3198 recte
1006 3140 1084 3197 vidit
1102 3140 1269 3197 Francken.
1288 3140 1319 3211 (l.

174 3248 213 3285 m.
232 3247 259 3301 p.
278 3231 351 3302 252).
369 3230 426 3286 Dio
445 3230 526 3286 Cass
545 3231 591 3301 (fr.
610 3233 669 3302 m),
698 3232 748 3302 qui
777 3230 860 3287 solus
878 3231 955 3286 satie
982 3232 1100 3302 copiose
1128 3230 1252 3301 exponit
1271 3246 1320 3283 res

175 3318 253 3374 bello
270 3318 418 3379 Cimbrico
430 3326 533 3391 gestas
543 3328 612 3376 ante
624 3321 781 3392 imperium
791 3319 888 3375 Mario
898 3319 1042 3388 delatum,
1055 3319 1177 3391 agitque
1189 3335 1320 3390 praeser-

174 3410 229 3462 tim
249 3407 285 3463 de
303 3408 355 3463 ille.
367 3410 447 3464 inter
462 3409 598 3464 Mallium
610 3415 641 3465 et
654 3409 831 3481 Caepionem
847 3408 1001 3465 simultate
1014 3409 1154 3480 (quorum
1168 3406 1204 3462 de
1217 3406 1320 3462 indole

173 3497 364 3569 moribusque
378 3515 405 3553 v.
423 3497 544 3554 Momm.
564 3516 590 3553 e.
615 3514 653 3552 m.
672 3498 712 3567 11,
733 3517 759 3570 p.
781 3497 852 3569 177),
871 3496 944 3552 dicit
965 3502 1084 3551 tantum
1103 3500 1146 3551 τὸν
1167 3495 1318 3568 Σερουίλιον

174 3590 360 3661 μετεπέμψατο.
372 3620 405 3629 -
419 3587 547 3645 exercitu
565 3588 727 3658 ampliato:
746 3606 774 3644 v.
794 3586 821 3642 d.
841 3605 871 3642 n.
890 3589 920 3642 in
934 3586 1000 3643 llio.
1016 3587 1050 3642 eli
1064 3586 1118 3641 Fil.
1132 3585 1151 3641 1.
1163 3603 1191 3639 m
1220 3603 1247 3657 p.
1266 3584 1320 3639 274

173 3676 241 3732 adn.
262 3709 295 3719 -
316 3676 418 3750 Gallie]
436 3679 455 3733 i.
475 3695 499 3733 e.
521 3677 638 3746 Cimbri,
658 3695 838 3748 quamquam
857 3679 949 3733 etiam
963 3677 1084 3747 agmina
1099 3674 1254 3729 Gallorum
1273 3674 1319 3745 (ut

174 3766 380 3824 Amburonum
400 3767 624 3839 Tigurinorum)
643 3766 704 3822 illis
722 3784 755 3821 se
783 3767 1010 3821 coniunxerant.
1030 3763 1073 3819 De
1092 3763 1149 3818 hoc
1167 3780 1269 3818 errore
1287 3763 1318 3817 in

175 3874 263 3926 quem
282 3857 373 3911 etiam
392 3857 443 3911 aiii
463 3857 625 3928 scriptores
638 3856 709 3929 (Cic.
724 3858 760 3912 de
776 3873 859 3927 prou.
877 3872 953 3911 cons.
968 3855 1011 3922 13,
1025 3855 1073 3923 32,
1088 3853 1158 3908 Sall.
1172 3857 1236 3923 Iup.
1256 3854 1320 3924 114)

175 3941 290 4002 inducti
315 3951 396 4016 sunt,
424 3965 453 4004 v.
480 3951 599 4018 praeter
627 3945 763 4002 Sallustii
791 3948 974 4017 interpretes
1002 3943 1060 4016 (ad.
1088 3944 1111 4013 1.
1139 3943 1199 4015 m),
1224 3942 1327 4013 Pauly·

174 4038 211 4091 R.
236 4035 284 4091 E?
308 4034 339 4089 Ii
365 4054 393 4107 p.
417 4036 496 4091 2551.
522 4068 556 4078 -
581 4035 737 4107 impetrare
757 4054 817 4092 uon
841 4034 948 4109 potuit]
970 4035 1078 4106 Caepio
1105 4033 1260 4105 respondit
1279 4050 1320 4089 se·

175 4124 305 4180 cundum
327 4125 449 4180 Dionem
467 4128 515 4199 τὴν
535 4127 628 4181 ἑαυτοῦ
647 4127 768 4199 ἑκάτερον
793 4126 846 4180 δεῖν
865 4124 1002 4197 φυλάττειν
1020 4125 1039 4178 i.
1059 4141 1084 4178 e.
1105 4126 1224 4194 solerque
1247 4139 1322 4194 quae

175 4213 209 4269 iu
230 4228 286 4268 sua
305 4212 459 4285 provincio
477 4217 548 4269 esset
570 4212 667 4284 ripam
690 4213 829 4270 Rhodani
851 4216 986 4281 tueretur,
1005 4230 1083 4280 nam,
1103 4217 1138 4266 ut
1154 4210 1232 4282 apud
1251 4210 1321 4266 Oro·

175 4302 256 4360 sium
280 4302 327 4376 (V,
355 4304 398 4374 16,
424 4302 453 4376 2)
481 4308 540 4373 est,
564 4303 733 4376 prouincias
758 4302 815 4362 sibi
838 4305 981 4361 Rhodano
999 4302 1123 4376 flumine
1141 4299 1234 4358 medio
1251 4298 1321 4358 clivi·
