3309 5167
647 342 794 402 -31-
850 329 868 408 ᾗ

203 476 239 530 Α.
258 474 432 531 Licinianus
451 480 597 530 memorat
625 474 771 546 quaedam
799 475 943 549 prodigia,
964 478 1070 550 quibus
1095 483 1163 549 post
1182 478 1295 534 cladem

149 563 230 637 apud
249 565 455 633 Arausionem,
484 562 611 619 Cimbris
638 564 874 635 imminentibus,
893 566 1021 621 Romani
1041 569 1144 622 territi
1163 575 1296 624 eunt.·-
1403 583 1405 585 ·

149 651 247 727 quaer]
265 671 295 710 v.
312 670 380 725 pag.
393 654 428 708 14
440 654 471 708 in
487 652 554 707 adn.
570 684 603 695 -
620 656 712 710 mente
724 658 873 722 commota]
888 655 1000 711 Eadem
1015 674 1074 727 qua
1089 656 1297 713 Franckenius

149 742 298 814 religione
316 758 376 797 non
395 747 533 797 tenemur
551 742 710 813 quominus
729 741 927 800 concedamus
945 744 1038 800 verba
1061 748 1153 801 mente
1174 762 1296 801 comma·

151 829 221 900 ueri,
244 848 311 886 cum
330 836 383 885 aut
401 832 466 886 sine
485 831 633 903 particula
660 830 748 903 quari
768 834 907 903 usurpari
927 850 1021 904 posse,
1042 839 1076 889 ut
1095 833 1174 907 apud
1193 841 1297 906 poetas

152 921 194 991 (v.
212 919 287 975 Hor.
306 922 370 979 aar.
389 919 430 988 ΙΙ,
448 920 466 974 3
484 937 511 975 v.
529 921 591 989 209,
610 919 676 993 278)
694 938 748 992 pro
766 920 906 977 insanire.
926 953 960 963 -
979 927 1007 978 et
1025 923 1057 979 in
1075 926 1144 982 Sala
1161 954 1194 966 -
1208 941 1298 995 appa·

152 1008 285 1083 ruerunt]
303 1010 402 1064 Etiam
419 1008 497 1081 apud
516 1009 573 1065 Iul.
592 1009 698 1081 Obseq.
716 1012 752 1065 42
770 1010 829 1066 duo
848 1011 957 1066 ultima
977 1012 1112 1085 prodigia
1135 1013 1299 1086 leguntur:

153 1103 190 1156 P.
212 1098 324 1156 Rutilia
345 1101 398 1157 On.
419 1099 523 1155 Mattio
541 1116 611 1156 cosa.
634 1101 774 1155 Trebulac
787 1103 952 1157 Metueacae
966 1105 1124 1173 antequam
1145 1102 1210 1158 taut
1221 1120 1299 1158 com·

153 1188 344 1258 mitterentur,
361 1193 480 1245 wncnte
498 1189 621 1258 tubicine,
639 1205 750 1260 aapuea
766 1189 849 1262 arari
865 1207 951 1247 aram
971 1191 1233 1260 circumdederunt,
1252 1194 1298 1248 de·

150 1278 264 1334 sinente
282 1282 400 1335 canuae
417 1278 529 1350 ditapet
537 1296 550 1348 ;
563 1282 678 1350 postero
690 1277 737 1335 die
751 1280 846 1335 auerti
857 1297 877 1335 a
888 1283 998 1351 populo
1010 1280 1159 1352 lapidibus
1173 1282 1283 1336 enecati
1291 1297 1298 1350 ;

149 1368 266 1438 foribus
284 1368 384 1440 templi
400 1367 561 1440 adapertis,
583 1369 775 1426 simulacrum
802 1369 912 1425 Martia
939 1370 1066 1442 liqneum
1094 1371 1189 1442 eapite
1215 1375 1299 1426 stane

153 1459 314 1516 inventam.
326 1456 383 1525 Qui
393 1458 471 1514 hunc
482 1475 549 1513 cum
558 1458 707 1514 Liciniani
721 1458 785 1514 loco
794 1459 930 1515 conferat
939 1459 1002 1514 fere
1011 1459 1189 1532 intellegere
1205 1462 1299 1531 possit

154 1565 245 1622 quam
273 1546 393 1603 diverso
420 1546 507 1602 modo
535 1546 593 1602 duo
620 1548 834 1619 epitomatores
854 1565 891 1602 ex
909 1548 998 1604 Livio
1017 1551 1232 1620 excerpserint.
1254 1550 1299 1603 Ex

154 1636 253 1692 tribus
272 1635 424 1708 prodigiis,
443 1652 520 1706 quae
538 1635 617 1708 apud
635 1635 756 1692 Livium
783 1636 886 1708 procul
907 1635 997 1691 dubio
1023 1636 1213 1709 legebantur,
1240 1637 1299 1693 Ob-

154 1743 283 1797 sequens
302 1743 377 1797 quae
397 1726 525 1780 maxime
537 1725 687 1780 mirabilia
700 1725 877 1781 viderentur
891 1726 984 1797 elegit
997 1732 1088 1797 atque
1103 1726 1234 1783 breviter
1246 1727 1299 1783 sed

154 1822 295 1873 accurate
314 1832 349 1871 ea
368 1816 522 1881 narravit3
541 1814 715 1871 Licinianus
734 1833 807 1872 vero
829 1816 948 1871 nullum
977 1833 1080 1871 eorum
1108 1817 1219 1886 omisit,
1246 1817 1299 1873 sed

154 1906 256 1964 studio
274 1907 434 1962 brevitatis
452 1907 578 1961 tertium
596 1905 737 1961 mutilare
756 1911 879 1962 coactus
899 1912 946 1962 est
976 1938 1009 1947 -
1028 1910 1056 1962 et
1073 1907 1106 1962 in
1124 1907 1247 1966 Sabinae
1265 1939 1298 1949 —

154 1995 190 2071 et]
209 1997 254 2052 De
272 2000 299 2052 et
315 1998 453 2068 repetitis
471 2013 500 2051 v.
518 2013 586 2067 pag.
606 1996 643 2049 22
662 2000 693 2050 et
711 1994 778 2051 Riu.
796 1995 831 2051 di
846 1996 886 2067 fit.
901 1997 920 2050 l.
941 2015 979 2050 m.
1000 2014 1029 2067 p.
1050 1996 1151 2050 274-
1171 1997 1204 2053 ta
1218 1998 1301 2055 Sabi·

154 2085 212 2160 aab]
230 2088 250 2141 i.
264 2103 289 2142 e.
309 2086 455 2141 Trebulae
474 2085 663 2154 Metuescae;
683 2103 711 2144 v.
731 2103 823 2158 supra
842 2086 900 2141 Iul.
919 2086 987 2142 Obs.
1009 2118 1041 2129 -
1060 2103 1112 2142 nec
1125 2104 1252 2158 usquam
1264 2089 1301 2142 de

155 2180 271 2248 repente
296 2174 510 2247 appamreruntl
539 2175 776 2248 intellegendum
801 2183 867 2232 est:
886 2177 986 2232 atatim
1005 2194 1020 2232 e
1037 2180 1190 2248 marpectu
1208 2176 1302 2247 elapsi

155 2269 227 2322 aunt
245 2268 264 2321 i.
286 2283 310 2322 e,
321 2282 375 2338 per
387 2283 454 2321 eam
475 2265 561 2321 diem.
582 2265 684 2320 Etiam
699 2265 831 2320 Dieckm.
845 2267 886 2337 (p.
907 2266 955 2338 39)
969 2283 975 2321 :
991 2266 1052 2322 eicie
1074 2267 1300 2324 uerectrwanden

151 2356 293 2428 ptttalictr.
314 2388 347 2397 -
365 2354 535 2429 derepente]
547 2355 651 2411 mitta.
669 2355 703 2411 di
717 2355 758 2426 fit.
779 2356 797 2409 l.
817 2374 855 2413 m.
876 2374 902 2427 p.
921 2356 982 2425 274,
1002 2355 1069 2411 adn.

210 2445 243 2500 B.
262 2444 379 2519 Amata]
397 2474 428 2497 =
452 2446 569 2502 Vestate.
588 2444 634 2499 Ex
656 2445 866 2516 antIquissimo
884 2446 992 2501 Vestae
1021 2445 1104 2501 cultu
1123 2445 1299 2502 Latiniensi

157 2536 268 2592 atalia
295 2537 327 2591 in
354 2536 491 2591 Romano
518 2535 679 2590 exstabant
707 2541 738 2590 et
765 2534 804 2604 id,
833 2542 868 2589 ut
892 2538 1012 2590 nomine
1039 2540 1170 2604 Amatae,
1198 2536 1300 2590 Latini

156 2629 260 2682 uxoris
288 2631 319 2681 et
346 2628 459 2698 primae
485 2625 593 2682 Vestae
618 2624 791 2693 sacerdotis,
820 2626 983 2698 pontificali
1009 2643 1146 2696 sermone
1179 2626 1300 2685 Vestalis

156 2715 379 2789 significaretur
397 2716 437 2788 (v.
458 2716 572 2772 Preller
590 2719 627 2773 R.
648 2716 756 2788 Myra?
774 2717 801 2780 2,
820 2717 892 2788 161).
917 2748 949 2756 -
971 2718 1023 2774 Cn.
1041 2717 1168 2773 Mattius
1186 2715 1300 2790 eiectus]

157 2806 257 2863 Cladis
284 2804 322 2861 ad
350 2807 548 2861 Arausionem
576 2812 715 2878 acceptae
743 2824 868 2877 poenam
897 2806 954 2861 luit
982 2807 1096 2879 primus
1123 2805 1157 2874 Q.
1183 2807 1299 2877 Caepio,

158 2898 209 2967 qui
236 2895 314 2950 male
342 2894 482 2949 audiebat
507 2895 599 2949 etiam
622 2894 701 2965 quod
728 2894 958 2951 existimabatur
986 2912 1094 2951 aarum
1125 2897 1299 2950 Tolosanum

157 2986 338 3059 errbmpuirse
355 2988 394 3056 (a.
412 3005 441 3040 u.
463 2987 527 3058 648)
546 2992 636 3056 atque
659 2985 799 3041 factionis
822 2985 974 3058 popularis
992 2986 1024 3040 in
1043 2985 1142 3040 odium
1165 2992 1299 3052 venerat,

156 3077 234 3150 quod
253 3077 357 3133 consul
384 3075 535 3147 equitibus
554 3075 663 3131 iudicia
692 3076 823 3133 adimere
853 3077 990 3133 voluerat
1012 3077 1052 3148 (v.
1074 3076 1196 3133 Momm.
1217 3078 1300 3131 lirim.

161 3170 195 3226 G.
217 3168 258 3237 11,
281 3184 307 3239 p.
328 3168 401 3238 129).
427 3166 500 3221 Cum
522 3167 581 3220 iam
605 3167 710 3222 statim
733 3174 801 3238 post
824 3168 969 3238 proelium
992 3167 1030 3223 ad
1052 3167 1250 3222 Arausionem
1269 3170 1300 3218 et

158 3259 317 3331 imperium
336 3258 363 3312 ei
376 3257 553 3329 abrogatum
568 3258 676 3312 eteius
695 3256 772 3312 bona
785 3256 937 3329 publicata
952 3263 1061 3325 essent,
1076 3265 1111 3312 ut
1129 3258 1193 3313 veri
1212 3255 1302 3311 simil·

159 3348 265 3405 limum
283 3346 412 3415 videtur,
440 3348 578 3418 sequenti
604 3364 691 3415 anno,
720 3348 816 3403 altero
845 3348 1001 3419 plebiscito
1028 3350 1120 3404 etiam
1148 3366 1164 3403 a
1193 3353 1301 3404 senatu

160 3438 302 3510 expulsus
319 3442 365 3492 est
389 3437 507 3507 (Ascon.
526 3437 558 3490 in
577 3437 672 3495 ‚Corn
695 3454 721 3507 p.
745 3436 808 3509 78);
827 3443 987 3509 postremo,
1007 3454 1085 3493 anno
1110 3436 1172 3506 651,
1193 3456 1211 3492 a
1230 3437 1302 3492 Nor·

158 3529 244 3596 bano,
264 3527 330 3599 lege
349 3526 456 3598 Apulei
475 3525 630 3582 Saturnini
648 3525 684 3582 de
703 3528 862 3582 imminuta
877 3529 1035 3583 maiestate
1054 3528 1153 3600 populi
1173 3526 1302 3582 Romani

160 3616 248 3674 modo
266 3615 391 3689 perlata,
411 3634 477 3671 cum
497 3633 566 3672 reus
593 3615 692 3671 factus
711 3624 792 3673 esset
810 3620 850 3689 (v.
870 3619 968 3674 fontes
987 3618 1065 3689 apud
1084 3618 1205 3673 Momm.
1225 3618 1243 3672 l.
1262 3636 1301 3672 m.

159 3728 186 3782 p.
206 3707 271 3780 180)
292 3716 383 3781 atque
402 3708 569 3775 damnatus,
583 3709 634 3764 vix
654 3714 780 3763 mortem
801 3708 906 3779 effugit
919 3709 967 3781 (cf.
980 3708 1044 3765 val.
1057 3710 1137 3764 Max.
1151 3710 1201 3774 IV,
1220 3709 1246 3779 7,
1264 3709 1301 3779 3).

160 3802 226 3857 Hoc
252 3801 318 3857 loco
336 3802 431 3872 igitur
453 3800 544 3855 verba
568 3803 627 3856 «L.
648 3801 808 3858 Saturnini
828 3801 999 3870 rogatione»
1027 3801 1124 3856 solum
1145 3800 1303 3855 referenda

161 3896 232 3948 sunt
251 3890 289 3946 ad
301 3890 395 3947 verba
415 3892 467 3948 Cn.
481 3890 637 3946 Mattiuee
659 3890 774 3946 civitate
793 3890 943 3961 plebiscito
963 3891 1086 3958 eiectum
1109 3892 1302 3946 enunciatum

160 3988 262 4038 autem
286 3998 370 4053 «qua
397 3984 424 4036 et
453 3981 582 4051 Caepio»
614 3981 812 4052 supplendum
831 3987 878 4036 est
897 3980 989 4037 verbo
1018 3983 1206 4038 adamantus
1224 3986 1303 4049 eat»,

161 4070 238 4142 quod
258 4075 378 4125 tantum
397 4069 435 4123 ad
456 4071 586 4142 priorem
600 4087 725 4140 poenam
744 4070 908 4140 Caepionis,
927 4087 1016 4142 quam
1028 4070 1202 4127 Licinianus
1215 4079 1305 4126 antea

160 4162 332 4218 narravisse
352 4160 479 4227 videtur,
499 4159 671 4216 referemus.
691 4159 772 4226 Quod
791 4160 829 4215 ad
849 4160 984 4215 Mallium
1004 4162 1123 4230 attinet,
1147 4161 1203 4217 hoc
1231 4162 1305 4216 Lici·

161 4253 244 4307 niani
262 4250 327 4307 loco
346 4251 539 4307 illustrantur
559 4250 650 4307 verba
672 4250 823 4306 Ciceronis
841 4251 889 4322 (de
912 4253 989 4307 Orat.
1003 4250 1043 4319 ΙΙ,
1056 4252 1098 4319 28,
1123 4251 1186 4324 125)
1208 4252 1304 4307 adhuc

162 4343 236 4397 satis
255 4341 399 4397 obseura:
420 4340 497 4406 nata
515 4341 551 4396 cte
572 4343 622 4399 Cn.
641 4341 742 4398 Mattii
755 4381 761 4393 .
776 4380 782 4394 .
797 4380 803 4395 .
817 4341 1064 4397 commiseratione
1077 4341 1206 4410 dteumt,
1228 4359 1304 4412 quae

161 4449 227 4487 cum
246 4430 311 4489 sola
329 4431 366 4489 de
384 4431 487 4488 Mallio
501 4431 698 4488 condemnato
713 4431 863 4501 docerent,
879 4438 941 4485 turn
956 4449 1009 4487 cur
1023 4432 1182 4488 damnatus
1195 4433 1303 4488 fuisset
