3309 5167
822 323 983 385 ..32..

326 472 386 512 non
414 454 616 527 explicabant.
643 454 730 510 Nune
759 471 827 510 eum
858 470 984 528 queque,
1009 453 1088 526 quod
1117 454 1195 510 maie
1217 454 1255 510 ed
1274 457 1472 513 Arausionem

325 541 530 617 pugnavisset,
549 545 614 599 sive
632 544 698 598 iure
717 545 782 600 sive
800 544 920 613 iniuria,
939 561 1034 615 poena
1054 543 1215 599 multatum
1236 562 1302 601 esse
1319 546 1473 618 intellegi-

326 652 402 691 mus.
424 664 452 676 -
471 631 611 706 Rutilius]
630 632 662 687 P.
681 632 817 688 Rutilius
836 632 943 701 Rufus,
961 650 1040 688 enno
1058 633 1111 687 596
1125 650 1153 687 u.
1168 651 1191 688 c.
1205 638 1304 705 natue,
1318 652 1397 691 eone.
1411 637 1472 706 649,

328 729 430 780 orator
448 723 585 793 insignis,
605 723 680 779 iuris
699 723 910 794 peritissimus,
929 721 1070 778 Panaetii
1082 723 1209 793 auditor,
1225 740 1318 796 prope
1326 721 1474 795 perlectus

327 814 361 869 iu
378 812 484 872 Stoicis
502 811 573 884 (Oie.
593 814 678 867 Brut.
699 811 772 884 113),
789 829 868 867 enno
888 812 941 866 662
960 812 1120 883 Smyrnam
1138 813 1351 884 commigravit
1378 819 1408 869 et
1426 815 1473 871 lit·

328 910 474 958 terarum.
490 900 599 956 studiis
627 902 764 956 intentus
783 903 940 957 consenuit
958 900 1055 972 (Ome.
1074 901 1107 970 V,
1129 900 1183 974 17).
1214 902 1306 958 Plura
1333 902 1369 959 de
1389 922 1424 960 eo
1443 924 1471 961 v.

328 991 407 1063 apud
425 990 522 1061 Pauly
540 992 575 1047 It.
595 994 632 1047 Ε.
653 990 709 1045 sub
732 990 891 1048 «Rutilii»
911 996 942 1046 et
969 989 1237 1048 Teuffel-Schwabe
1266 994 1366 1049 Gesctt.
1387 995 1416 1049 d.
1434 998 1470 1051 R.

328 1085 363 1138 L.
382 1079 397 1134 I
415 1082 513 1150 5142,
533 1083 558 1147 1,
577 1082 604 1148 2,
623 1085 651 1135 3.
670 1112 702 1122 -
722 1079 932 1137 iusiurandum
951 1113 985 1122 -
1003 1080 1170 1154 reuipemu]
1190 1082 1275 1137 Haec
1293 1099 1372 1138 nove
1391 1089 1471 1139 sunt.

328 1170 438 1225 Rutilii
456 1166 588 1224 edictum
607 1168 644 1224 ad
664 1170 781 1240 equites
801 1174 929 1236 tantum,
949 1188 1009 1225 nen
1028 1170 1066 1224 ad
1094 1188 1198 1226 omnes
1217 1171 1349 1227 iuniores
1376 1174 1471 1244 perti-

330 1262 431 1316 nuisse
450 1262 537 1330 putat
555 1258 630 1314 Ihne
640 1259 687 1331 (R.
709 1261 743 1316 G.
755 1259 788 1328 V,
802 1277 828 1331 p.
840 1260 900 1328 180,
915 1259 980 1315 adn.
993 1260 1021 1329 1)
1035 1278 1053 1315 a
1065 1259 1197 1315 Dieckm.
1211 1260 1352 1316 laudatus
1363 1262 1402 1332 (p.
1415 1261 1470 1333 45).

267 1386 269 1389 >
292 1366 294 1369 ·
330 1350 424 1406 Aliae
434 1348 550 1405 Rutilio
560 1348 723 1420 prudenter
735 1350 856 1421 provise
865 1354 1012 1405 memorat
1024 1349 1160 1406 Valerius
1170 1350 1320 1406 Maximus
1332 1350 1383 1422 (ΙΙ,
1397 1351 1423 1420 3,
1432 1352 1470 1423 2).
