3309 5167
546 983 653 1060 nra.
683 985 824 1089 xxvi
854 982 914 1087 (a).

170 1322 173 1328 ’
228 1303 299 1371 ror.
325 1306 380 1370 XI
399 1327 438 1393 a,
462 1325 539 1392 pap.
564 1307 611 1370 29
628 1326 676 1392 p,
696 1325 776 1391 pap.
802 1308 824 1370 3
848 1306 888 1371 B.

202 1842 280 1896 Nihil
298 1817 373 1909 qnod
390 1843 537 1895 cohaereat
552 1843 583 1894 in
599 1844 653 1895 hac
669 1842 773 1909 pagina
789 1841 846 1908 legi
862 1846 968 1907 potest,
985 1859 1058 1908 quae
1074 1844 1165 1895 solum
1188 1843 1302 1895 exhibet

155 1923 266 1976 litteras
282 1929 311 1976 et
327 1924 452 1990 syllabas
467 1924 543 1976 inter
559 1941 588 1977 se
604 1923 761 1975 disiunctas
778 1929 831 1975 aut
846 1940 911 2005 rara
927 1925 1066 1988 vocabula
1090 1923 1173 1975 modo
1198 1924 1301 1975 mutila

157 2004 239 2056 modo
254 2011 396 2071 corrupta.
1112 2081 1113 2084 Ἴ

202 2088 232 2137 Β.
248 2084 308 2137 cod.
332 2102 430 2138 versus
446 2086 523 2137 23-24
539 2086 689 2151 praebent:
707 2086 1094 2139 an11cR'l'ILLUM...SAT.
1106 2123 1145 2137 ...
1160 2088 1224 2149 (hoo
1241 2087 1301 2138 loco

156 2165 319 2217 membrana
335 2168 476 2232 perforata
493 2172 549 2233 est3
564 2172 622 2217 tres
633 2171 686 2218 ant
699 2171 837 2232 quattuor
856 2166 969 2218 litterae
985 2166 1153 2219 exciderunt
1171 2153 1301 2233 plULE-

155 2249 293 2310 seruus
304 2288 310 2299 .
322 2285 328 2298 .
338 2284 344 2298 .
355 2285 361 2298 .
371 2264 394 2313 ,ς
410 2265 434 2313 p.
451 2247 533 2314 legit:
554 2249 650 2302 Gaium
658 2248 766 2299 Atilium
775 2285 797 2298 ..
809 2285 815 2299 .
827 2255 867 2299 eat
880 2283 918 2300 ...
930 2249 1138 2311 ,moralemque
1149 2249 1193 2301 vel
1207 2250 1235 2300 0.
1244 2250 1301 2299 Ali-

155 2329 217 2380 liam
232 2336 255 2379 et
272 2329 308 2381 M.
324 2328 435 2379 Fabiam
450 2330 559 2379 consules
574 2335 584 2393 (
600 2333 617 2392 ).
633 2331 663 2380 Β.
680 2329 773 2380 locum
798 2330 993 2394 neglexerunt.
1016 2331 1224 2392 Heerwagenus
1247 2330 1301 2390 (De

155 2409 239 2460 Licin.
248 2412 284 2473 fr.
301 2410 368 2460 Aen.
385 2409 427 2460 at.
441 2409 546 2471 XXVI,
563 2407 772 2476 Norimbergaa
790 2410 868 2476 typis
878 2408 1050 2474 campeania
1061 2412 1129 2472 1858,
1142 2428 1166 2475 p.
1179 2412 1230 2473 10):
1240 2412 1301 2461 Aa·-

155 2492 217 2541 lium
230 2495 267 2555 (v.
278 2490 498 2554 inira).·Codicls
513 2491 626 2543 litterae
643 2491 743 2544 melius
761 2491 898 2544 videntur
913 2491 1045 2544 exhibere
1061 2492 1276 2559 alumnum.

209 2738 242 2793 B.
260 2736 394 2811 Atilium]
413 2737 551 2793 Pertzius
570 2738 679 2810 conicit
698 2738 746 2793 hic
765 2737 801 2793 de
814 2737 845 2793 Ο.
858 2737 953 2815 Atilio
972 2738 1076 2807 Bulbo,
1104 2755 1183 2793 anno
1202 2756 1230 2793 u.
1248 2739 1302 2804 509

140 2816 144 2820 ⁸
156 2828 278 2885 consule
297 2846 364 2883 cum
377 2828 417 2885 M.
429 2828 522 2883 Fabio
535 2829 677 2897 Buteone,
691 2831 874 2884 mentionem
888 2846 953 2884 esse
966 2829 1085 2897 factam,
1099 2828 1151 2884 sed
1164 2828 1296 2894 liberius,

156 2936 224 2973 cum
236 2934 274 2973 ne
287 2918 317 2972 id
336 2917 455 2989 quidem
474 2917 625 2989 probabile
640 2920 681 2973 sit
693 2918 771 2989 quod
783 2918 840 2974 sibi
853 2918 904 2973 ille
918 2919 1075 2989 persuasit,
1089 2917 1208 2974 litteras
1221 2936 1297 2989 quae

156 3008 245 3080 paulo
263 3008 342 3062 infra
361 3012 522 3062 occurrunt
540 3007 615 3079 (Pol.
635 3024 667 3064 xr
686 3026 714 3063 v.
735 3009 760 3062 A
777 3009 808 3077 8)
826 3031 838 3057 ‹
853 3010 882 3065 0.
896 3008 992 3063 Atili·
1015 3024 1123 3062 nomen
1142 3007 1297 3080 praebere.

156 3096 383 3168 Heerwagenus
402 3096 439 3168 (1.
457 3096 508 3167 m.)
527 3095 606 3150 hunc
626 3096 762 3165 Atilium,
781 3096 821 3151 M.
842 3097 969 3150 Atilium
982 3095 1133 3167 Regulum
1148 3113 1213 3152 esse
1233 3113 1306 3151 eon.

155 3186 254 3253 elusit,
274 3187 396 3256 eiusque
415 3186 566 3249 mentione
580 3184 768 3244 Licinianum
782 3191 956 3240 revocatum
969 3202 1035 3240 esse
1048 3185 1086 3239 ad
1099 3186 1175 3240 alios
1187 3185 1295 3240 Roma·
1367 3259 1369 3262 Ι

155 3293 211 3332 nos
230 3275 375 3344 homines
388 3277 444 3346 ‚qui
464 3273 568 3331 eodem
587 3275 674 3330 modo
694 3293 747 3347 pro
765 3276 864 3347 patria
882 3293 914 3330 se
933 3273 1132 3331 devovissent.
1147 3275 1213 3330 Hoc
1225 3275 1306 3331 lolio·

155 3365 250 3437 igitur
263 3366 310 3420 vir
325 3362 431 3419 doctus
443 3364 599 3420 contendit
618 3381 666 3420 res
685 3365 781 3435 primo
794 3364 872 3420 bello
891 3364 1004 3419 Punico
1019 3369 1121 3435 gestas
1134 3365 1295 3432 contineri3

155 3455 234 3526 quod
253 3457 279 3510 si
298 3454 393 3510 firmis
412 3456 599 3527 argumentis
618 3460 752 3510 statuere
771 3472 934 3526 possemus,
953 3456 1048 3510 maior
1066 3455 1153 3510 fieret
1168 3455 1297 3521 suspicio

153 3547 294 3616 inquam
312 3544 372 3599 alia
389 3544 426 3600 de
445 3561 535 3600 causa
562 3545 717 3611 venimus,
737 3546 755 3599 i.
774 3562 799 3602 e.
819 3543 897 3599 falso
924 3544 1006 3599 hunc
1034 3544 1143 3599 librum
1171 3562 1296 3600 numero

154 3651 230 3692 xxvl
249 3652 303 3706 pro
316 3651 369 3691 xvi
381 3635 535 3706 signatum
553 3650 633 3702 esse3
653 3652 723 3688 nam
743 3652 810 3689 otim
825 3636 856 3689 in
871 3633 948 3688 libro
963 3650 1061 3690 xxvm
1079 3635 1137 3688 iam
1152 3651 1230 3689 anno
1244 3634 1295 3687 591

153 3731 203 3780 res
215 3730 317 3795 gestas
330 3723 504 3779 Licinianus
517 3724 713 3795 exposuisset,
724 3724 790 3778 fieri
801 3741 860 3778 non
874 3724 981 3795 potuit,
992 3728 1026 3777 ut
1039 3723 1166 3777 duorum
1177 3725 1297 3782 circiter

154 3812 300 3868 librorum
310 3814 407 3885 spatio
417 3812 682 3885 comprehenderet
701 3814 867 3881 historiam,
880 3813 1018 3883 quamvis
1031 3812 1159 3884 abrupta
1167 3830 1202 3868 ea
1217 3820 1298 3869 esset

153 3908 186 3960 et
206 3902 320 3971 mutila,
339 3919 486 3957 annorum
505 3902 568 3958 fere
587 3908 723 3970 centum,
745 3902 853 3973 quibus
881 3907 927 3957 tot
947 3907 1109 3972 tantaeque
1128 3919 1176 3957 res
1199 3901 1296 3958 iactae

152 3997 233 4059 sunt,
253 4008 320 4046 cum
339 4008 399 4046 non
412 3991 511 4053 minus
525 3995 593 4046 octo
605 3990 691 4046 libris
708 3992 735 4046 ei
749 4008 823 4061 opus
842 3990 957 4061 fuisset,
972 3996 1006 4044 ut
1019 3997 1158 4047 narraret
1170 4009 1245 4062 quae
1258 3991 1296 4047 ab

153 4099 234 4138 anno
252 4081 304 4135 591
324 4080 497 4136 acciderunt
516 4098 609 4151 usque
629 4080 665 4136 ad
685 4098 796 4136 annum
816 4081 877 4139 676.

203 4243 234 4299 (ἢ
248 4247 380 4298 ErPertzll
395 4247 497 4288 edltlone
511 4246 624 4288 lectiones
638 4247 731 4288 tantum
741 4247 851 4295 ualeant
866 4249 899 4288 lta
913 4247 997 4295 dicam,
1008 4247 1160 4294 afferam‚aut
1170 4260 1209 4290 eas
1221 4260 1286 4299 quae,

162 4318 207 4359 etsl
221 4318 292 4360 falsae
304 4319 366 4369 sunt,
380 4319 458 4361 tamen
474 4320 503 4360 ad
518 4319 575 4360 allas
589 4319 761 4370 probablllores
776 4320 925 4361 conlecturos
940 4331 1020 4360 ensem
1034 4320 1158 4370 praebent.
1204 4375 1207 4383 Ι

597 4479 858 4488 ——-----—-

1050 4516 1065 4570 1
