3309 5167
679 364 843 427 ..35-

190 496 242 566 IX,
262 497 314 567 18;
334 497 434 564 Quint.
454 497 504 566 VI,
525 498 611 566 1,19.
632 528 666 541 -
684 495 838 571 barbarus]
856 513 962 552 servus
986 496 1038 552 ille
1066 497 1184 554 Cimber
1204 499 1253 570 qui
1274 498 1336 552 Ma·

190 588 268 641 rium
286 587 457 642 interficere
476 605 536 643 non
555 604 647 643 ausus
666 591 721 642 est.
751 619 776 628 -
795 589 973 642 oraverat-
989 590 1127 642 evaserat.
1142 586 1337 659 Temporibus

191 677 377 748 piusquamp.
397 678 459 748 ipse
478 676 653 732 Licinianus
672 676 815 731 lectorem
836 678 987 732 monuisse
1006 676 1127 732 videtur
1150 678 1227 732 hano
1247 677 1337 735 bisto-

191 766 296 821 riolam
316 765 554 822 additamentum
574 785 649 824 esse.

244 856 277 910 Β.
296 887 330 898 -
348 874 414 913 eum
434 857 510 913 mitte
522 857 635 913 circiter
646 873 767 913 numero
781 889 813 899 —
832 859 1025 926 Telamonem]
1039 857 1077 913 cf.
1092 857 1172 912 Plut.
1185 857 1277 929 (Mar.
1290 858 1337 930 41)

190 945 354 1019 παραλαβὼν
373 949 400 1001 {a
417 957 467 1021 τῆς
487 947 588 1020 Λιβύης
609 946 779 1022 Μαυρουσίων
798 952 869 1010 τινὰς
888 948 997 1009 ἱππότας
1016 950 1123 1001 καὶτῶν
1138 946 1250 1020 &abrec
1268 946 1338 1001 Ἰτα-

190 1036 252 1098 λὶας
265 1040 333 1099 τινὰς
351 1039 579 1110 καταφερομένων,
594 1038 847 1110 συναμφοτέρους·οὒ
860 1037 981 1099 πλείονας
996 1038 1085 1110 χιλίων
1103 1040 1262 1109 γενομένους,
1275 1037 1338 1109 μεθ’

190 1122 226 1178 ὧν
245 1126 368 1199 ἀνήχθη,
386 1127 539 1199 προσβαλὼν
557 1126 696 1200 Τελαμῶνι
714 1137 764 1200 τῆς
781 1127 938 1200 Τυρρηνίας.
959 1158 992 1168 -
1021 1127 1143 1198 Brutus]
1164 1127 1204 1180 M.
1225 1126 1245 1180 J
1249 1130 1336 1202 unius

189 1216 312 1284 Brutus,
332 1223 452 1288 praetor
470 1234 549 1272 anno
568 1236 595 1273 u.
616 1220 669 1271 666
687 1235 705 1271 a
723 1217 806 1271 Sulla
825 1219 1019 1289 proscriptus
1039 1216 1135 1271 solum
1149 1216 1226 1286 apud
1241 1205 1335 1270 Licin.

189 1307 270 1360 inter
289 1307 392 1361 exules
410 1324 477 1361 cum
497 1307 593 1362 Mario
611 1308 644 1361 in
671 1307 793 1361 Italiam
822 1324 961 1364 reversos
990 1308 1180 1361 nominatur:
1208 1306 1278 1360 hinc
1305 1305 1336 1359 id

190 1412 309 1465 quoque
328 1394 471 1450 discimus
490 1413 557 1451 eum
576 1397 607 1450 in
625 1395 804 1466 Hispaniam
831 1401 903 1450 tunc
922 1397 1087 1451 secessisse.
1108 1395 1152 1449 De
1171 1396 1259 1450 huius
1277 1396 1336 1449 viri

189 1489 288 1538 morte
304 1501 332 1538 v.
354 1484 418 1539 Liv.
437 1487 503 1539 Per.
522 1484 694 1538 LXXXIX.
714 1515 748 1525 —
768 1488 795 1539 et
808 1502 875 1539 cum
888 1485 1027 1554 deformas
1041 1516 1073 1526 -
1088 1482 1200 1556 milites]
1211 1484 1247 1537 cf.
1261 1486 1335 1554 App.

189 1573 210 1626 l.
233 1573 313 1642 ml,
332 1574 375 1641 67,
395 1573 473 1629 Plnt.
493 1577 572 1629 Mea
590 1574 634 1628 41.
654 1605 687 1616 -
707 1575 837 1633 Sertorio
849 1605 883 1616 -
895 1574 1039 1644 pertibus
1054 1573 1201 1639 Quattuor
1214 1575 1336 1627 fuerunt

190 1663 282 1717 duces
301 1662 379 1734 apud
397 1664 476 1719 Livii
497 1665 710 1734 epitomatores
728 1664 808 1735 (Liv.
823 1667 890 1721 Per.
909 1665 960 1732 79;
980 1663 1062 1717 Flor.
1082 1664 1121 1732 ΙΙ,
1140 1664 1233 1731 e,13;
1253 1663 1335 1717 Oros.

190 1752 225 1820 V,
246 1754 287 1820 19,
306 1755 353 1825 9):
372 1753 496 1821 Marius,
515 1753 617 1821 Cinna,
637 1752 740 1821 Carbo,
761 1753 930 1821 Sertorius3
949 1759 1013 1808 tres
1032 1753 1108 1824 apud
1129 1755 1203 1823 App.
1223 1753 1259 1823 (c.
1281 1750 1335 1820 67),

190 1843 239 1895 cui
258 1845 423 1897 assentitur
442 1842 623 1899 Plutarchus
650 1843 736 1915 (Seri.
755 1842 780 1909 5,
800 1843 837 1913 3),
867 1846 917 1912 qui
952 1842 1116 1897 Carbonem
1145 1859 1203 1896 non
1223 1842 1336 1907 ducem,

190 1930 244 1985 sed
264 1931 374 1985 Cinnae
395 1932 526 2002 legatum
540 1934 703 1987 existimat.
717 1964 750 1972 -
764 1930 897 2004 Papirio]
909 1931 961 1987 Cn.
984 1932 1102 2002 Papirio
1116 1931 1242 1986 Carboni
1257 1948 1336 1985 cons.

191 2039 222 2075 a.
239 2040 267 2075 u.
287 2023 348 2078 669.
368 2054 398 2062 -
420 2020 553 2084 Milesio]
574 2022 604 2077 C.
623 2022 779 2076 Milonium
800 2029 980 2085 senatorem,
1005 2040 1093 2092 quem
1112 2039 1179 2075 cum
1204 2021 1340 2075 Sertorio

192 2111 347 2181 alteroque
367 2111 397 2165 C.
416 2111 512 2166 Mario
531 2111 568 2165 ad
587 2111 711 2166 Cinnam
726 2112 896 2182 confugisse
911 2111 1004 2165 tradit
1023 2113 1173 2182 Appianus
1185 2111 1215 2182 (1.
1230 2130 1268 2163 m.
1281 2111 1335 2181 65),

192 2200 275 2254 solus
294 2200 468 2255 Licinianus
486 2202 566 2255 inter
585 2200 675 2254 duces
695 2209 868 2268 enumerat;
889 2199 941 2255 sed
960 2200 1116 2254 Milonium
1138 2200 1270 2269 legatum
1290 2218 1336 2270 po·

193 2292 255 2344 tius
275 2290 362 2343 Marii
382 2289 430 2345 vel
450 2290 561 2344 Cinnae
580 2290 673 2345 fuisse
691 2289 779 2344 facile
798 2288 986 2344 concluditur
1000 2307 1036 2343 ex
1055 2289 1092 2343 iis
1105 2307 1180 2359 quae
1195 2307 1260 2359 pag.
1275 2306 1336 2358 seq.

192 2369 366 2432 narrantur.
388 2410 418 2420 —
438 2377 588 2451 Pompeio]
606 2377 659 2432 Cn.
678 2378 836 2448 Pompeius
859 2377 973 2445 Strabo,
1003 2377 1106 2447 Magni
1134 2382 1226 2447 pater,
1255 2387 1334 2431 cons.

193 2486 273 2522 anno
292 2486 320 2521 u.
342 2468 403 2522 665.
423 2467 504 2523 Isin
525 2475 611 2522 tanto
630 2468 809 2539 reipublicae
829 2468 961 2537 periculo
974 2467 1173 2521 haesitantem
1193 2474 1223 2519 et
1243 2468 1335 2520 incer·

193 2565 259 2610 tum
278 2574 310 2612 se
329 2557 474 2628 praebuit,
486 2557 562 2628 quod
581 2557 746 2612 frustratus
765 2574 816 2627 spe
831 2555 1024 2610 continuandi
1039 2557 1235 2627 magistratus
1249 2554 1335 2625 (Vell.

195 2647 260 2700 Pet.
279 2647 319 2714 11,
339 2648 383 2715 21,
402 2649 438 2719 2),
452 2666 531 2702 nunc
544 2646 748 2702 arbitrabatur
761 2647 866 2702 adesse
879 2648 1064 2701 occasionem
1083 2645 1199 2700 consilii
1214 2646 1260 2700 sui
1275 2662 1335 2715 per·

194 2735 321 2804 ficicndi,
333 2739 357 2792 si
368 2739 486 2792 senatui
496 2756 555 2792 non
566 2738 693 2793 salutem
703 2738 797 2792 ferret
805 2739 863 2792 nisi
875 2738 970 2807 pretio
980 2735 1153 2791 consulatus
1163 2736 1202 2807 (v.
1214 2734 1334 2789 Momm.
1362 2783 1366 2784 ⁷

195 2844 221 2881 0.
242 2845 279 2880 m.
299 2826 338 2896 Π,
358 2846 383 2900 p.
402 2829 473 2898 295).
493 2859 524 2870 -
546 2827 685 2902 vaiere1i.
707 2844 866 2882 enumero
886 2827 1026 2880 militum.
