3309 5167
874 334 1015 395 ...4.-

380 470 700 545 voraginemimmisIt3
719 471 786 541 poet
805 475 874 524 eum
887 473 979 524 'senes
997 467 1042 522 illi
1062 472 1217 523 senatores
1236 470 1450 534 memorantur,
1464 468 1518 537 qui

378 566 447 634 post
458 559 572 616 cladem
591 559 754 614 Alliensem
772 558 849 629 (mv.
866 558 899 625 V,
911 558 960 628 41)
977 558 1021 612 ita
1033 555 1257 639 effecerunt-ut
1276 574 1294 609 a
1313 554 1410 611 Gallis
1426 557 1519 611 victo·

377 650 460 708 ribus
477 648 733 718 interficerentur;
753 648 806 703 sed
824 649 957 702 omnium
976 639 1078 702 eornm
1093 648 1144 717 qui
1157 664 1210 718 pro
1229 647 1326 716 patria
1340 663 1372 701 se
1387 644 1519 700 devove-

379 745 451 796 runt
469 738 528 794 duo
546 738 705 794 clarissimi
724 741 795 792 sunt
813 736 905 806 Decii,
925 742 1010 808 pater
1029 742 1060 790 et
1078 735 1159 791 filius
1176 736 1254 808 (Liv.
1273 734 1356 803 VIII,
1376 738 1405 804 93
1425 737 1463 806 X,
1472 740 1519 805 28,
1624 761 1625 780 r

378 829 434 902 29),
453 846 578 900 quorum
607 828 684 883 alter
708 827 827 896 Latino,
847 828 924 881 alter
944 826 1106 881 SamnitIco
1126 825 1213 891 bello,
1232 831 1266 881 ut
1286 825 1444 880 victoriam
1463 845 1519 896 suo
1624 835 1625 844 ¹

379 920 525 975 exercitui
552 921 739 989 compararet
751 923 755 928 '
767 919 798 972 In
826 915 1077 972 confertissimam
1090 916 1230 971 ‘hostium
1254 915 1355 970 aciem
1368 922 1519 971 armatum

378 1027 410 1066 se
432 1010 576 1064 immisit:
599 1026 633 1063 ac
652 1008 753 1079 procul
778 1006 868 1062 dubio
886 1007 941 1061 hos
964 1006 1070 1062 Decios
1092 1006 1140 1061 hic
1153 1007 1183 1061 in
1203 1007 1303 1081 animo
1322 1006 1428 1061 habuit
1444 1007 1520 1061 Lici-

377 1100 494 1155 nianus.
1331 1147 1332 1150 ,

431 1189 464 1242 B.
484 1186 700 1243 Hirschfeldius
713 1186 804 1259 (apud
822 1186 1060 1241 Dieckmannum
1080 1204 1125 1257 op.
1144 1203 1184 1240 m.
1203 1187 1233 1240 in
1254 1186 1321 1240 adn.
1340 1204 1367 1257 p.
1388 1187 1434 1256 13)
1452 1204 1519 1242 aen·
1624 1209 1625 1212 ¹

377 1284 425 1334 set
444 1278 499 1332 hoc
512 1276 589 1331 libro
602 1276 714 1344 XXVI,
728 1293 786 1347 quo
799 1293 848 1331 res
862 1277 949 1330 annis
963 1275 1079 1329 erl-581
1092 1280 1197 1346 gestae
1209 1281 1381 1342 narrantur,
1394 1276 1520 1330 Licinia-

377 1385 449 1422 num
469 1383 649 1421 memorasse
668 1365 790 1421 Oatonis
809 1366 975 1420 orationem
998 1383 1056 1435 qua
1076 1366 1194 1420 senatui
1212 1367 1362 1436 persuasit
1380 1370 1414 1420 nt
1428 1369 1520 1436 ptura

377 1474 446 1512 aera
456 1456 599 1528 equestria
611 1456 719 1526 fierent,
734 1460 824 1526 atque
838 1456 894 1509 hac
909 1457 1046 1518 oratione,
1059 1456 1086 1509 ci
1099 1453 1229 1510 oblatam
1245 1472 1310 1509 esse
1325 1457 1519 1524 occasionem,

377 1552 413 1600 ut
422 1545 501 1599 hunc
511 1544 547 1598 de
557 1543 711 1599 ordinibus
721 1543 912 1614 equestribus
931 1561 949 1597 a
968 1543 1130 1614 Tarquini0
1144 1546 1298 1599 renovatis
1309 1539 1465 1599 excursum
1477 1546 1520 1598 in·

378 1639 501 1691 sereret.
513 1665 543 1681 -
556 1634 589 1688 in
600 1633 750 1704 prioribus
762 1633 852 1696 libris]
864 1633 921 1688 His
937 1639 968 1687 et
980 1633 1050 1688 aliis
1063 1632 1234 1688 huiusmodi
1248 1633 1450 1689 locutionibus
1463 1637 1520 1688 uti-

379 1729 428 1778 tur
438 1723 517 1778 haud
529 1734 597 1777 raro
609 1725 789 1794 epitomator
802 1725 887 1793 quasi
902 1724 943 1777 sit
954 1722 1041 1793 plane
1057 1740 1129 1777 suus
1142 1722 1206 1793 (cir.
1218 1724 1267 1778 fol.
1278 1724 1323 1777 XI
1334 1742 1361 1782 v.
1372 1725 1396 1778 B
1406 1727 1440 1779 ιιι
1448 1742 1520 1781 incar
1624 1783 1625 1798 ,

376 1814 478 1869 ordine
490 1813 684 1882 indicabafol.
696 1813 735 1868 VI
746 1812 805 1868 r.B
820 1829 871 1866 nec
883 1814 1044 1882 opptenatae
1053 1813 1301 1869 suntbuiurmcdi
1308 1814 1521 1885 capniticnibus
1624 1821 1625 1826 ’

375 1897 598 1960 οιιαιιιιιαιθιο.
617 1903 651 1958 V.
670 1901 856 1973 Madvigium
875 1901 894 1959 l.
914 1920 952 1957 m.
971 1920 998 1973 p.
1017 1902 1089 1969 403).
1109 1934 1143 1945 --
1162 1902 1204 1957 ita
1223 1904 1372 1959 constituit
1389 1911 1423 1960 ut
1441 1905 1521 1975 prio·
1624 1979 1625 1988 ἵ

377 2011 422 2050 res
435 2024 469 2034 -
488 1990 633 2065 ducerent]
652 1991 700 2046 Sic
719 1997 801 2047 recte
819 1992 880 2063 legi
900 2009 1014 2060 censeo,
1033 1992 1214 2047 adversante
1233 1993 1453 2065 HeerwagenO,
1467 1999 1520 2066 qui

378 2084 487 2139 conicit
508 2084 546 2154 (0.
570 2100 609 2136 m.
629 2100 656 2153 p.
675 2082 704 2153 4)
728 2099 818 2137 «non
837 2082 968 2137 omittam
987 2083 1067 2153 quod
1089 2083 1271 2154 Tarquinius
1286 2083 1349 2152 fuit
1366 2089 1467 2140 auctor
1486 2091 1522 2142 ut

371 2174 485 2246 priores
504 2177 561 2228 etc.
576 2195 589 2221 ι
607 2189 787 2242 quamquam
806 2173 835 2226 ei
852 2172 1003 2227 assentior
1020 2172 1211 2227 Licinianum
1224 2173 1280 2228 hoc
1294 2174 1358 2228 loco
1370 2173 1407 2230 de
1422 2174 1521 2247 dupli·

376 2263 452 2318 catis
472 2262 607 2332 equitum
625 2262 771 2316 centuriis
790 2261 872 2331 loqui
891 2279 951 2316 non
970 2260 1112 2330 voluisse,
1132 2279 1199 2316 cum
1219 2279 1268 2318 res
1290 2265 1521 2322 essetomnibus

376 2358 457 2421 nota,
471 2351 522 2407 sed
547 2351 603 2406 hoc
622 2355 742 2405 tantum
756 2355 872 2419 notare,
886 2350 972 2406 binos
991 2367 1083 2421 equos
1102 2351 1248 2407 militibus
1269 2355 1400 2423 priorum
1420 2361 1522 2410 centu·

377 2435 490 2496 riarum
518 2440 604 2495 datos
632 2457 705 2495 esse.
724 2441 905 2494 Accuratior
930 2447 1030 2495 tamen
1059 2445 1090 2495 et
1118 2441 1226 2496 clamor
1255 2444 1383 2514 scriptor
1410 2446 1521 2500 fuisset
1611 2514 1613 2517 Α

377 2533 491 2602 sipost
514 2532 694 2585 ‹ducerent›
718 2528 882 2585 addidisset
916 2528 1108 2600 «posteriores
1135 2548 1194 2586 non
1223 2532 1290 2588 item
1313 2533 1379 2604 (cfr.
1406 2534 1472 2590 LIv.
1493 2538 1519 2601 1,

379 2622 435 2693 36).
454 2652 489 2662 —-
510 2620 637 2678 Castoris
665 2623 693 2675 et
710 2620 840 2675 Pollucis
865 2652 891 2660 —
912 2619 1082 2693 nulliacum]
1101 2620 1185 2674 Haec
1203 2621 1303 2690 verba,
1323 2625 1367 2677 ita
1385 2630 1419 2679 ut
1438 2630 1521 2699 nunc
1624 2649 1625 2656 ¹

378 2711 521 2783 leguntur
539 2709 681 2782 (codicem
692 2712 771 2764 enlm
782 2709 920 2765 Pertzius
931 2710 979 2764 hic
998 2710 1126 2765 sortasse
1136 2729 1195 2765 non
1214 2711 1289 2766 bene
1308 2714 1436 2769 rimatus
1451 2716 1519 2786 est),

378 2801 495 2856 nullum
523 2817 645 2856 sensum
672 2799 833 2871 praebent;
862 2800 1056 2854 nihilominus
1083 2798 1149 2854 fieri
1178 2807 1277 2872 potest
1296 2809 1331 2855 ut
1349 2803 1520 2860 divinamus

377 2887 448 2961 quid
467 2890 640 2945 Licinianus
659 2889 768 2946 addere
787 2889 926 2944 voluerit.
937 2889 1009 2943 Cum
1029 2888 1065 2943 de
1079 2907 1169 2968 more,
1184 2890 1337 2962 Tarquinii
1351 2879 1432 2964 regis
1444 2899 1520 2958 tem7

378 2981 499 3054 poribus
512 2982 632 3035 omnino
651 2980 795 3035 Romanis
813 2997 901 3047 novo,
918 2985 1030 3051 ageret,
1044 2981 1173 3051 scriptor
1192 2983 1371 3037 necessitate
1390 2984 1519 3054 quadam
1624 3007 1625 3062 ζ

378 3076 499 3126 coactus
529 3070 587 3126 sibi
606 3069 702 3126 videri
722 3069 841 3138 debuit,
870 3076 904 3124 ut
923 3070 1036 3124 diceret
1064 3069 1143 3124 unde
1162 3088 1226 3125 mos
1249 3070 1300 3127 ille
1325 3072 1451 3128 Romam
1470 3093 1520 3130 ve·
1624 3127 1625 3156 ,

376 3162 481 3229 nisset,
494 3162 603 3231 quiquo
614 3160 715 3231 populi
726 3176 793 3214 eum
806 3161 864 3214 iam
876 3162 1070 3231 accepiSsent.
1080 3160 1196 3215 Codicis
1209 3160 1320 3216 litteris
1339 3162 1440 3218 Esco
1457 3164 1519 3219 .NI

377 3249 564 3307 rarnsDINE
580 3249 722 3322 (fortasse
742 3267 775 3305 ea
794 3250 1003 3306 consuetudine
1021 3248 1181 3320 legendum
1193 3251 1251 3322 est)
1263 3251 1336 3306 haec
1346 3254 1519 3319 coniectura

377 3342 452 3395 satis
470 3340 529 3394 niti
547 3338 677 3405 videtur.
701 3339 808 3409 Itaque
831 3356 951 3395 sensum
973 3339 1030 3394 loci
1052 3344 1105 3393 aut
1127 3340 1207 3394 huuc
1230 3345 1284 3394 aut
1307 3359 1366 3396 non
1389 3344 1516 3398 multum

377 3429 483 3485 abhoc
497 3429 651 3485 diversum
671 3445 736 3484 esse
750 3423 945 3484 crediderim:
964 3429 1049 3484 Haec
1069 3428 1263 3497 cousuetudo,
1278 3438 1366 3501 qu'am
1380 3432 1457 3503 apud
1470 3435 1520 3488 ali·

378 3537 454 3590 quos
465 3518 589 3591 populos
601 3517 745 3573 barbaros
755 3519 926 3574 invenimus
936 3519 1025 3591 (apud
1039 3518 1186 3575 Numidas
1196 3538 1214 3573 a
1223 3520 1311 3575 Livio
1321 3521 1437 3592 XXIII,
1447 3525 1490 3593 29,
1501 3526 1518 3578 5
1578 3509 1581 3514 ⁴

378 3615 569 3676 memoratos,
581 3608 689 3679 quibus
708 3610 886 3664 desultorum
899 3609 931 3664 in
950 3611 1069 3664 modum
1081 3608 1164 3663 binos
1182 3610 1360 3665 trahentibus
1373 3628 1460 3683 equos
1478 3614 1519 3668 in·

377 3702 418 3754 ter
438 3699 610 3754 acerrimam
632 3714 718 3769 saepe
736 3715 872 3769 puqnam
894 3698 926 3752 in
949 3701 1087 3753 recentem
1113 3715 1218 3769 equum
1239 3715 1277 3754 eac
1295 3700 1374 3769 fesso
1395 3703 1519 3758 armatis

378 3784 557 3844 transultare
565 3805 627 3844 mos
636 3792 696 3858 ιιι]
706 3787 783 3859 apud
794 3788 948 3843 tlermatas
959 3793 989 3843 et
998 3787 1117 3854 Quados
1127 3787 1163 3841 de
1174 3787 1281 3858 quibus
1295 3808 1322 3846 v.
1334 3792 1430 3845 Amm.
1442 3792 1517 3846 Mar·

381 3879 446 3933 cell.
464 3878 587 3947 XVIII,
608 3880 661 3947 12),
679 3880 711 3932 in
732 3878 823 3933 Italia
843 3878 1075 3933 TarentInorum
1096 3884 1163 3932 erat
1180 3880 1221 3947 (v.
1244 3878 1310 3934 Liv.
1328 3881 1454 3949 XXXV,
1473 3885 1516 3951 28,

378 3970 412 4022 8:
431 3968 540 4039 equites
558 3969 601 4039 (in
623 3967 862 4039 Philopoemenis
883 3969 1028 4038 exercitu)
1047 3985 1119 4039 quos
1131 3968 1306 4024 Tarentinos
1319 3973 1461 4026 vocabant
1478 3973 1517 4027 bi·

378 4074 431 4112 nos
448 4074 544 4113 secum
564 4060 709 4112 canentes
728 4074 834 4128 equos,·
853 4075 880 4111 v.
901 4059 992 4111 etiam
1007 4057 1182 4114 Osvsnoru:
1201 4058 1351 4114 Rescontri
1359 4060 1517 4116 numisma·

379 4146 430 4201 tici
447 4145 633 4201 conternanti
649 4146 662 4202 i
676 4146 850 4215 frammenti
867 4147 945 4216 deqti
960 4147 1072 4201 Annali
1089 4148 1122 4201 di
1136 4146 1299 4213 Liciniano,
1319 4149 1350 4202 in
1362 4148 1444 4218 gBoll,
1464 4152 1518 4203 Ar·

378 4236 423 4290 ch.
442 4234 546 4306 Napol.
575 4234 610 4287 N.
629 4234 657 4291 S.
683 4236 799 4299 185811.
820 4237 891 4306 142),
912 4253 1005 4305 eaque
1025 4235 1157 4289 Castoris
1177 4241 1207 4288 et
1228 4235 1358 4290 Pollucis
1377 4255 1457 4293 mors
1478 4242 1518 4293 vi·

378 4332 467 4394 taque
496 4324 613 4378 alterna
642 4323 858 4393 quodammodo
877 4323 1048 4377 adumbrari
1078 4324 1236 4379 videbatur
1255 4324 1302 4393 (cf.
1325 4326 1439 4397 Hygin.
1458 4327 1516 4384 fab.

376 4414 510 4484 LXXX),
531 4431 709 4487 quemquam
728 4416 759 4472 in
779 4414 949 4493 simulacris
968 4415 1096 4485 singulis
1117 4414 1201 4485 equis
1220 4413 1370 4489 Διόσκουροι
1388 4418 1517 4475 insiden-
