3309 5167
695 354 856 413 ‚41-

203 486 285 557 fugis
296 485 379 562 reddi
390 484 538 541 Samnites
552 485 755 557 postulabant.
770 518 803 527 -
817 485 924 556 quibas
936 483 1059 555 capnitis
1073 514 1105 523 —
1117 482 1228 557 iaaoeit]
1242 483 1347 539 iisdem

202 576 264 631 fere
278 574 379 631 verbis
394 592 456 629 rem
467 579 572 629 narrat
582 576 736 646 Appianas
746 576 812 647 (68).
828 607 860 616 -
875 573 957 648 tepea]
973 599 1006 621 =
1016 572 1199 629 condiciones
1205 591 1217 643 ;
1232 573 1267 628 cf.
1283 574 1347 629 Cat.

202 665 248 736 (R.
268 668 302 722 R.
324 665 405 735 148):
420 680 486 735 paoc
504 666 575 719 data
594 663 733 735 Philippo
751 664 784 720 ia
801 667 856 720 bas
875 667 967 736 thes5
996 661 1082 719 Corn.
1103 663 1176 735 Nep.
1208 663 1346 735 (Timotb.

201 756 244 826 2);
261 770 422 825 pacemque
439 753 486 810 bia
504 753 612 824 tepebat
631 754 851 809 constituerant.

255 845 288 898 B.
307 842 383 916 cam]
403 842 519 898 advers.
539 873 573 884 -
592 843 681 914 lopati
709 860 728 897 a
757 843 854 900 Cinna
882 841 975 915 misse]
1002 842 1090 897 Hanc
1121 842 1234 898 Cinnae
1263 843 1347 915 lega-

202 935 313 988 tionem
331 931 451 987 aliunde
470 949 528 986 non
548 937 731 1003 compertam
760 932 905 987 habemus
933 932 1077 1005 (Dieckm.
1097 951 1124 1003 p.
1143 933 1198 1006 61).
1219 965 1250 976 -
1271 937 1345 990 clam

202 1041 269 1078 cam
290 1023 387 1080 Giano
414 1019 537 1077 consitio
559 1020 801 1095 communicabat]
828 1022 887 1077 Vir
914 1022 1079 1077 verisimile
1108 1029 1156 1077 est
1183 1023 1240 1077 hoc
1267 1031 1346 1078 tem-

201 1129 273 1183 pore
300 1112 475 1183 Pompeium
505 1111 581 1166 elam
611 1128 679 1166 cum
710 1112 805 1167 Cinna
831 1112 956 1167 consilia
983 1114 1228 1178 communicasse,
1250 1130 1347 1183 neque

203 1206 316 1257 temere
336 1200 460 1257 videtur
479 1200 535 1256 sibi
555 1202 739 1272 persuasisse
758 1201 979 1256 Dieckmaunus
1000 1203 1078 1273 (pag.
1098 1202 1141 1268 64,
1161 1203 1208 1273 65)
1226 1203 1347 1257 Livium

202 1308 241 1345 ex
259 1290 393 1358 Rutilio,
417 1291 468 1360 qui
495 1289 671 1345 Strabonem
691 1296 725 1345 ut
748 1291 900 1346 hominem
931 1293 1142 1363 pravissimum
1169 1291 1347 1363 depinxerat

201 1382 310 1453 (sual.
329 1381 365 1435 fr.
385 1382 402 1436 5
422 1380 532 1436 Mulier
551 1385 587 1437 F.
597 1385 636 1437 H.
649 1384 699 1438 Gr.
720 1382 776 1450 ΙΙΙ,
797 1401 823 1453 p.
838 1384 911 1453 200),
925 1382 1113 1437 Licinianum
1128 1388 1228 1437 autem
1243 1400 1279 1437 ex
1295 1382 1348 1436 Li-

202 1473 253 1526 vio
272 1472 349 1526 hanc
368 1471 475 1526 falsam
495 1473 699 1526 narrationem
718 1472 864 1527 hausisse.
879 1504 908 1513 -
931 1471 1124 1528 dediticiis-
1145 1472 1248 1527 civitas
1266 1470 1347 1544 data]

201 1560 239 1614 Id
258 1561 371 1616 factum
391 1567 437 1616 est
457 1566 523 1633 post
536 1560 663 1615 Ianiculi
674 1564 936 1632 expugnationem,
955 1562 1006 1617 sed
1026 1568 1096 1617 ante
1111 1562 1274 1617 adventum
1288 1561 1347 1617 Me·

202 1651 270 1705 teili
284 1652 325 1722 (v.
338 1651 458 1705 Momm.
472 1650 513 1721 ΙΙ,
535 1669 561 1722 p.
583 1651 661 1722 309);
676 1654 727 1722 qui
747 1654 811 1706 iure
831 1652 968 1707 Romano
991 1651 1125 1707 dediticii
1146 1652 1260 1707 fuerint
1279 1651 1347 1706 vide

201 1740 282 1812 apud
302 1740 519 1796 Mommsenum
538 1741 576 1811 (o.
596 1759 620 1795 c.
640 1740 689 1810 II,
710 1760 736 1812 p.
760 1742 812 1796 217
833 1744 863 1796 in
883 1741 977 1814 adn.);
1007 1741 1056 1796 hic
1084 1748 1185 1797 tamen
1204 1741 1348 1797 dediticiis

202 1831 257 1885 vix
276 1830 358 1884 aliud
376 1830 547 1902 significare
566 1835 666 1902 potest
684 1849 773 1901 quam
788 1832 858 1886 hoc:
877 1831 915 1887 iis
929 1831 982 1902 qui
993 1832 1026 1888 ia
1038 1835 1158 1887 cenatas
1168 1835 1309 1902 potestate
1321 1848 1351 1886 se

199 1918 322 1989 saturos
333 1919 488 1977 dixissent.
503 1949 534 1962 —
548 1920 712 1991 pestilentia
730 1923 863 1976 vastatus
876 1919 1030 1994 exercitae]
1046 1920 1083 1975 cf.
1103 1920 1186 1976 Oros.
1197 1920 1231 1989 V,
1245 1921 1288 1990 19,
1303 1921 1346 1974 18.

207 2039 238 2050 —
254 2009 414 2080 Pompeiae
432 2008 498 2082 ete]
517 2009 598 2076 Quae
617 2011 647 2066 in
668 2010 724 2064 hac
742 2015 773 2065 et
795 2011 930 2081 proxima
945 2023 1010 2081 pag.
1025 2009 1061 2065 de
1081 2016 1178 2065 morto
1193 2015 1224 2065 et
1243 2011 1348 2064 funere

203 2099 327 2171 Pompei
346 2099 502 2156 Strabonis
520 2101 694 2155 referuntur
707 2100 784 2172 apud
799 2101 915 2155 nullum
928 2100 1021 2155 alium
1036 2102 1213 2172 scriptorem
1227 2106 1289 2154 tam
1303 2116 1347 2155 co·

203 2190 288 2259 piosa
307 2194 378 2245 sunt
397 2191 541 2261 exposita.
558 2219 589 2232 —
601 2191 727 2259 fulmine
740 2188 865 2263 afflatas]
879 2193 957 2246 ictus
970 2196 1061 2260 atque
1074 2191 1194 2246 saucius
1212 2191 1299 2262 (App.
1322 2189 1348 2256 1,

204 2279 253 2346 683
268 2277 350 2335 Oros.
369 2278 402 2348 V,
416 2281 458 2348 19,
473 2281 526 2351 18).
551 2281 595 2334 De
605 2280 669 2336 loco
687 2278 792 2351 Obseq.
806 2281 865 2353 (56)
894 2279 982 2351 «ipse
1000 2281 1158 2351 Pompeia-s
1173 2281 1289 2352 afflatas
1307 2278 1349 2334 si-

204 2369 274 2423 dere
291 2368 427 2450 interiit»
445 2369 531 2425 docte
545 2368 679 2441 disputat
689 2369 911 2424 Diackmannus
929 2370 967 2440 (o.
986 2387 1024 2425 m.
1038 2387 1153 2425 excurs.
1164 2370 1204 2436 ΙΙ,
1218 2387 1244 2441 p.
1264 2369 1298 2423 91
1318 2374 1349 2423 et

204 2459 312 2529 seqq.);
332 2475 360 2516 v.
380 2459 472 2513 etiam
484 2458 606 2514 Wbiffin
620 2460 651 2513 iu
664 2459 770 2515 Archiv
780 2458 835 2529 fta·
848 2461 897 2514 tat.
910 2462 982 2517 Lao.
1000 2477 1028 2515 a.
1043 2458 1154 2519 Gavoi,
1167 2459 1213 2513 XI
1229 2459 1277 2533 (20
1286 2458 1347 2513 dec.

205 2547 288 2620 1898)
309 2566 335 2619 p.
354 2548 381 2602 4.
403 2547 461 2606 cfr.
483 2547 603 2603 Momm.
622 2548 664 2619 ΙΙ,
683 2567 710 2620 p.
729 2548 783 2604 310
801 2549 832 2603 in
852 2548 919 2604 adn.
