3309 5167
641 343 780 403 ..5...

139 484 185 535 tes
204 477 368 549 finguntur.
390 469 429 519 -’
443 476 577 551 capcione]
597 477 643 532 Sic
661 461 890 548 Heerwagenus
900 481 930 532 et
943 480 994 532 ten
1013 476 1116 533 Brinlr.
1129 474 1283 533 vGraecum

139 565 325 635 vocabulum,
345 569 442 639 primo
460 569 575 622 litterIs
594 568 712 622 Latinis
736 569 951 639 transcriptum
971 566 1138 639 (SIREOS),
1149 585 1186 639 po
1202 569 1248 622 uit
1266 587 1285 623 a

137 659 237 714 scriba
264 658 384 713 indocto
412 661 444 713 in
471 658 598 712 SIRIOS
620 660 745 726 mutam
768 674 857 729 equos
874 659 1000 731 σειραὶους
1018 674 1145 729 :equos
1162 658 1283 727 furiales
1354 695 1355 698 =

138 750 186 822 (cf.
205 749 292 821 Soph.
306 749 402 804 Elect.
419 750 500 821 722„
513 749 562 803 hic
576 766 665 804 vero:
683 772 695 798 ‹
710 765 797 820 equos
810 749 879 805 loris
891 751 928 805 ab
941 741 1087 819 equitibus
1097 750 1207 804 ductor.
1221 772 1233 797 ι»
1248 781 1282 791 -

115 863 128 916 q
138 838 280 913 ἁμίππους]
298 838 377 910 apud
396 838 599 910 Thucydidem
618 839 663 910 (V,
682 837 729 911 57)
749 844 780 894 et
799 839 1032 911 Xenophontem
1053 838 1145 911 (Hell.
1161 837 1185 906 7,
1200 839 1283 911 5,23)

115 929 256 1006 ζρεᾱίῢθε
278 932 343 1000 pari
366 945 491 984 numero
507 930 648 999 ‘equitum
671 928 837 997 adiunctos,
860 931 905 984 ita
924 933 959 983 ut
981 929 1093 1002 singuli
1116 946 1134 983 a
1153 928 1282 1000 singulis

112 1009 125 1082 ζ·
138 1017 289 1089 equitibus
302 1020 332 1073 in
347 1036 447 1090 pugna
466 1018 682 1089 detondantur3
698 1020 746 1074 hic
764 1018 898 1091 «equites
915 1018 993 1075 binis
1006 1018 1277 1091 municissimum»

105 1098 121 1194 Ι
139 1116 180 1163 ut·
192 1105 270 1180 apud
289 1109 441 1164 Pollucem
460 1109 624 1180 (Onomast.
645 1111 669 1178 1,
683 1109 726 1178 10,
739 1109 787 1180 31)
805 1109 943 1180 legimus.
961 1108 1004 1164 ef.
1018 1109 1120 1164 etiam.
1134 1108 1281 1179 Harpocr.

69 1221 71 1225 ·
120 1198 171 1258 ¹B.
192 1199 227 1253 A.
247 1200 308 1254 205.
328 1231 362 1240 -
379 1196 532 1272 flemuuies]
560 1199 626 1253 Hoc
644 1198 822 1254 vocabulum
852 1200 987 1269 (fleoeuiee
1004 1199 1037 1253 in
1054 1200 1202 1270 fleaeunice
1220 1215 1282 1251 mu·

104 1288 265 1386 {tandum
296 1290 354 1360 est)
382 1291 554 1344 invenimus
582 1289 660 1361 apud
690 1288 822 1344 Plinium
845 1288 893 1361 (N.
912 1289 952 1346 H.
971 1288 1118 1355 XXXIII,
1137 1289 1164 1357 2,
1183 1289 1232 1359 35)
1251 1292 1283 1342 et

102 1378 275 1434 1*Servium
302 1379 351 1451 (ad
372 1379 458 1451 Verg.
479 1382 552 1434 Aen.
572 1380 724 1450 1X‚.606)‚
744 1380 795 1450 qui
822 1384 924 1434 tamen
953 1397 1012 1435 non
1031 1378 1139 1433 dieunt·
1159 1379 1215 1433 hoc
1234 1394 1282 1432 no·

137 1471 218 1526 mine
237 1469 401 1540 appellatos
420 1486 485 1524 esse
504 1470 620 1539 equites
639 1469 717 1524 binis
737 1470 821 1539 equis
832 1468 1188 1539 instructos-Hesychius
1208 1467 1282 1522 haec

139 1558 225 1613 dicit:
246 1559 397 1634 φλεξεντίης
415 1560 494 1630 (lege
512 1560 644 1632 φλεξεντίς
663 1564 717 1614 aut
738 1559 893 1631 φλεξὲντεις)
916 1558 1009 1631 ἱππικὴ
1030 1560 1102 1622 τάξις
1126 1561 1196 1629 παρὰ
1217 1556 1283 1609 (Ρω-

142 1648 242 1720 μαίοιςς
263 1654 368 1703 contra
387 1649 466 1720 apud
485 1649 612 1703 Paulum
631 1649 797 1704 Diaconum
816 1649 907 1721 (Fosi.
921 1652 995 1707 Erec.
1009 1646 1054 1702 ed.
1073 1647 1158 1701 Mun.
1178 1665 1204 1717 p.
1214 1646 1281 1715 221)

140 1739 256 1809 equites
275 1738 353 1793 binis
372 1741 457 1809 equis
475 1740 617 1796 instructi
637 1740 728 1793 etium
739 1738 817 1810 apud
837 1738 990 1793 Romanos
1004 1740 1218 1804 memorantur,
1229 1734 1281 1789 sed

139 1827 316 1883 vocabulum
334 1830 481 1899 fleaeuuies
508 1847 568 1883 non
587 1831 727 1884 occurrit.
746 1828 920 1883 Lectionum
937 1829 1082 1899 fleoeuntes
1102 1828 1133 1880 iu
1154 1824 1217 1880 cod.
1235 1825 1282 1878 Li·

140 1919 250 1973 ciniani
270 1925 384 1974 rectam
403 1918 521 1989 quidem
541 1935 606 1974 esse
625 1936 742 1985 censeo,
761 1917 814 1974 sed
835 1915 914 1972 unde
938 1918 1085 1987 crIginem
1114 1915 1205 1971 ducat
1232 1930 1282 1968 re·

140 2013 256 2065 statut
275 2010 420 2077 sciamus;
439 2027 510 2063 narn
530 2026 605 2079 quae
627 2009 801 2064 Licinianus
820 2007 858 2062 ad
880 2025 946 2062 eam
966 2005 1172 2079 expllcandam
1196 2003 1282 2060 addit

140 2098 306 2154 incredibIli
326 2098 413 2154 modo
432 2104 573 2170 corrupta
588 2104 668 2154 sunt.
678 2099 711 2153 B.
722 2104 774 2152 ten
789 2098 884 2152 Brink
899 2097 1071 2169 proposuit:
1087 2098 1248 2151 Fleaeumtm
1262 2111 1281 2149 a

136 2208 239 2261 periere
245 2190 406 2261 pensilium
419 2189 611 2261 corriqicrum
625 2191 767 2245 uocabant
781 2191 894 2256 ceteree,
908 2188 960 2243 sed
973 2188 1029 2242 hoc
1043 2185 1130 2241 modo
1150 2186 1276 2256 ‹quod›

139 2286 210 2335 ante
234 2283 395 2335 ‹uocabat›
428 2280 616 2351 neglegitur,
645 2297 712 2333 cum
732 2280 761 2332 in
782 2277 882 2333 codice
906 2278 1093 2348 perspicuum
1121 2277 1170 2343 sit,
1190 2280 1281 2345 atque

139 2370 303 2425 adnomen
326 2372 370 2425 rei
390 2369 470 2424 unde
493 2391 505 2419 ι
516 2370 685 2439 βεωαηίεε»
709 2370 857 2439 originem
880 2366 971 2433 ducit,
991 2367 1036 2420 uti
1059 2365 1189 2432 videtur,
1208 2363 1281 2420 refe·

140 2459 274 2515 rendum.
293 2459 524 2530 Heerwagenus
546 2457 582 2513 ad
607 2458 702 2513 locum
725 2453 935 2528 explicandum
955 2457 988 2510 in
1011 2472 1062 2511 eas
1087 2453 1282 2508 difficultates

139 2549 296 2617 delabitur,
316 2567 352 2605 ex
371 2549 478 2620 quibus
498 2548 574 2604 nihil
593 2550 667 2604 certi
687 2553 740 2602 aut
759 2546 911 2618 probabile
931 2545 1039 2600 elicere
1058 2543 1207 2598 videatur.
1226 2541 1280 2597 Re·

138 2646 186 2695 cte
205 2640 231 2695 is
250 2638 368 2709 quidem
388 2644 490 2693 censet
510 2655 618 2692 nomen
637 2638 681 2691 rei
699 2636 778 2690 unde
795 2637 942 2706 fleoeumies
960 2635 1076 2705 equites
1095 2632 1176 2687 binis
1195 2633 1282 2701 equis
1332 2643 1334 2650 ’

138 2721 280 2784 instructi
299 2729 441 2801 appellati
456 2731 525 2795 sint,
537 2730 567 2781 in
588 2727 699 2782 litteris
718 2726 862 2781 REGUM
882 2725 985 2790 latere,
1005 2722 1143 2790 sed,mea
1162 2727 1282 2776 senten·

139 2822 199 2889 tia,
220 2819 307 2876 valde
336 2825 418 2874 erret
437 2837 503 2873 cum
523 2819 681 2873 obscurum
704 2817 848 2872 REGUM
868 2818 899 2870 in
921 2813 1088 2869 FLEGUM
1108 2811 1282 2867 obscurissi-

139 2929 220 2965 mum
240 2915 345 2966 mutet.
370 2912 534 2980 ‹Flepuml
546 2910 608 2978 Ipse
621 2910 665 2962 ait
677 2907 913 2978 Heerwagenus,
929 2903 996 2975 quis
1014 2902 1132 2958 audivit
1150 2917 1282 2972 unquam

138 3005 214 3056 hanc
242 3000 363 3055 vocem?
383 3023 395 3048 ›
417 3004 507 3069 atque
527 3016 592 3053 enm
612 3000 655 3052 ita
669 2997 822 3051 illustrare
843 3001 987 3051 conatur:
1003 3017 1014 3043 ‹
1031 2995 1125 3058 Quum
1138 2992 1282 3062 fleoeumies

137 3090 291 3162 participii
310 3090 410 3159 futuri
424 3090 551 3158 formum
572 3087 651 3143 verbi
669 3086 774 3159 φλέγειν
794 3089 855 3140 lam
874 3088 971 3154 aperte
986 3099 1061 3154 prae
1079 3099 1108 3136 se
1124 3081 1210 3150 ferat,
1229 3079 1282 3134 cicc

82 3190 85 3195 '
138 3184 174 3235 ut
193 3179 332 3235 'dubitari
345 3180 387 3234 >de
410 3195 440 3233 eo
461 3178 563 3248 possit,
584 3176 678 3231 nescio
702 3193 742 3231 nn
759 3176 867 3246 flepum
886 3172 1032 3246 (similiter
1049 3188 1085 3225 oc
1108 3169 1239 3224 «civemn
1263 3184 1282 3222 a

140 3289 156 3322 e
170 3268 290 3324 vivendo
303 3291 328 3333 2,
354 3291 364 3316 ‹
379 3283 516 3337 uterque»
535 3284 554 3321 a
569 3289 580 3315 ι
594 3266 749 3336 meryeuclo
763 3288 787 3329 ι,
805 3287 816 3312 α
833 3263 958 3333 inprims
982 3279 1001 3315 a
1026 3260 1180 3330 «inpendo
1194 3259 1223 3327 »)
1240 3257 1282 3311 sic

139 3361 176 3414 ab
195 3363 287 3431 etymo
306 3358 410 3430 φλέγειν
430 3357 592 3424 formatum
612 3355 657 3423 su,
678 3358 711 3409 ut
732 3353 807 3409 idem
827 3353 969 3423 siqnificet
992 3352 1070 3422 quod
1088 3346 1282 3419 participium

137 3449 298 3520 praesentis
317 3447 419 3520 φλέγων.
432 3450 508 3502 Erat
518 3433 611 3518 igitur
630 3444 776 3500 tortilium
789 3443 940 3514 quoddam
954 3457 1048 3512 penus
1060 3441 1176 3509 praeter
1189 3440 1281 3491 celera

137 3540 266 3610 sulpeum,
288 3539 393 3611 quibus
409 3539 554 3608 flexit-ntes
573 3553 664 3607 quum
684 3550 770 3605 equos
793 3550 863 3588 suos
882 3532 1040 3587 insternere
1059 3531 1186 3591 solerent,
1206 3526 1281 3581 incli-

140 3630 310 3685 demetiam
331 3645 436 3684 eecmen
457 3630 615 3683 dumorum.
638 3626 741 3696 Longe
763 3625 823 3678 alie
842 3622 915 3676 mihi
940 3621 1052 3675 dehac
1078 3636 1110 3673 re
1130 3618 1281 3672 sententia

141 3727 196 3789 est,
214 3737 396 3791 quamquam
417 3718 490 3771 mihi
508 3735 566 3771 non
587 3721 705 3770 tantum
726 3712 827 3768 tribuo
850 3718 885 3766 nt
909 3728 971 3765 rem
993 3726 1048 3764 acu
1072 3715 1197 3778 tangere
1217 3722 1280 3776 spe·

140 3828 221 3867 rem:
240 3811 429 3864 Licinianum
449 3809 528 3862 enim
546 3823 653 3861 censeo
675 3805 822 3874 originem
845 3800 985 3858 vocabuli
1010 3799 1205 3869 ‹fleaeitnlesv
1229 3795 1281 3848 du·

139 3902 221 3957 xisse
242 3899 279 3955 ab
301 3899 401 3969 aliqua
422 3914 455 3951 re
477 3913 552 3967 quae
575 3896 708 3966 equiturn
732 3892 810 3948 binis
833 3892 917 3961 equis
940 3892 1166 3953 instructorum,
1186 3891 1278 3955 atque

141 4006 243 4044 eorum
267 3993 399 4052 tantum,
417 3986 586 4042 necessario
609 3984 729 4054 propria
751 3987 841 4046 esset,
859 3998 876 4034 a
900 3979 964 4034 loro
990 3977 1051 4046 illo,
1070 3977 1135 4031 slve
1155 3973 1279 4040 habena,

140 4096 198 4150 qua
217 4079 294 4132 alter
313 4094 406 4147 equus
426 4074 463 4129 ah
482 4076 582 4145 equite
600 4071 770 4143 regebatur,
785 4072 835 4124 vel
855 4070 945 4123 etiem
960 4066 1090 4121 fortasse
1105 4064 1141 4119 ab
1161 4063 1213 4117 illa
1223 4063 1279 4117 siu·

140 4167 238 4238 gulari
258 4167 442 4238 peritiaque
461 4180 534 4234 opus
544 4167 617 4228 erat,
636 4168 671 4215 ut
691 4176 781 4231 eques
800 4160 831 4213 in
851 4155 963 4228 proelio
982 4155 1068 4209 binos
1082 4170 1173 4224 equos
1192 4150 1280 4205 facile

140 4260 365 4326 circumageret.
394 4255 501 4324 Itaque
528 4254 560 4306 in
579 4252 691 4305 litteris
710 4248 872 4314 REGUM,
891 4244 1060 4300 FLEXUM
1080 4261 1169 4313 quam
1188 4240 1280 4294 FLE-

139 4346 227 4402 GUM
247 4345 347 4416 legere
370 4344 479 4399 malim.
499 4342 642 4396 Attamen
655 4338 859 4409 Heerwageni
879 4327 1277 4402 conlecturam,quatotu1n

140 4438 220 4493 hunc
239 4437 336 4492 locum
355 4436 514 4490 restituere
534 4431 590 4488 sibi
610 4433 693 4487 visus
713 4433 767 4499 est,
783 4427 895 4483 referre
915 4444 973 4481 non
989 4425 1118 4480 alienum
1132 4423 1279 4477 exletIma·
