<?xml version="1.0" encoding="UTF-8"?>
<!DOCTYPE html PUBLIC "-//W3C//DTD XHTML 1.0 Transitional//EN"
    "http://www.w3.org/TR/xhtml1/DTD/xhtml1-transitional.dtd">
<html xmlns="http://www.w3.org/1999/xhtml" xml:lang="en" lang="en">
 <head>
  <title>
</title>
<meta http-equiv="Content-Type" content="text/html;charset=utf-8" />
  <meta name='ocr-system' content='tesseract 3.04.00' />
  <meta name='ocr-capabilities' content='ocr_page ocr_carea ocr_par ocr_line ocrx_word'/>
</head>
<body>
  <div class='ocr_page' id='page_1' title='image "./granilicinianiq00camogoog_0029.png"; bbox 0 0 3309 5167; ppageno 0'>
   <div class='ocr_carea' id='block_1_1' title="bbox 582 745 974 870">
    <p class='ocr_par' dir='ltr' id='par_1_1' title="bbox 582 745 974 870">
     <span class='ocr_line' id='line_1_1' title="bbox 582 745 974 870; baseline -0.008 -1"><span class='ocrx_word' id='word_1_1' title='bbox 582 750 689 869; x_wconf 80' lang='lat' dir='ltr'>mu.</span> <span class='ocrx_word' id='word_1_2' title='bbox 719 745 919 870; x_wconf 65' lang='lat' dir='ltr'>xxiiii.</span> <span class='ocrx_word' id='word_1_3' title='bbox 970 835 974 840; x_wconf 78' lang='lat'><em>-</em></span> 
     </span>
    </p>
   </div>
   <div class='ocr_carea' id='block_1_2' title="bbox 122 1050 1028 1168">
    <p class='ocr_par' dir='ltr' id='par_1_2' title="bbox 122 1050 1028 1168">
     <span class='ocr_line' id='line_1_2' title="bbox 122 1050 1028 1168; baseline -0.003 -24"><span class='ocrx_word' id='word_1_4' title='bbox 122 1067 126 1094; x_wconf 68' lang='lat'>²</span> <span class='ocrx_word' id='word_1_5' title='bbox 220 1050 223 1054; x_wconf 91' lang='lat'><strong>.</strong></span> <span class='ocrx_word' id='word_1_6' title='bbox 249 1077 321 1146; x_wconf 77' lang='lat' dir='ltr'>rot.</span> <span class='ocrx_word' id='word_1_7' title='bbox 345 1079 401 1145; x_wconf 89' lang='lat' dir='ltr'>IX</span> <span class='ocrx_word' id='word_1_8' title='bbox 420 1100 460 1161; x_wconf 83' lang='lat' dir='ltr'>u,</span> <span class='ocrx_word' id='word_1_9' title='bbox 484 1098 560 1163; x_wconf 78' lang='lat' dir='ltr'>pap.</span> <span class='ocrx_word' id='word_1_10' title='bbox 586 1078 630 1142; x_wconf 81' lang='lat'>31</span> <span class='ocrx_word' id='word_1_11' title='bbox 650 1100 698 1163; x_wconf 78' lang='lat' dir='ltr'>p,</span> <span class='ocrx_word' id='word_1_12' title='bbox 718 1096 798 1162; x_wconf 73' lang='lat' dir='ltr'>pap.</span> <span class='ocrx_word' id='word_1_13' title='bbox 828 1077 869 1140; x_wconf 82' lang='lat'>11</span> <span class='ocrx_word' id='word_1_14' title='bbox 896 1077 934 1141; x_wconf 89' lang='grc' dir='ltr'>Β.</span> <span class='ocrx_word' id='word_1_15' title='bbox 1025 1161 1028 1168; x_wconf 27' lang='grc' dir='ltr'>Ι</span> 
     </span>
    </p>
   </div>
   <div class='ocr_carea' id='block_1_3' title="bbox 80 1167 123 1213">
    <p class='ocr_par' dir='ltr' id='par_1_3' title="bbox 80 1167 123 1213">
     <span class='ocr_line' id='line_1_3' title="bbox 80 1167 123 1213; baseline 0 -17"><span class='ocrx_word' id='word_1_16' title='bbox 80 1207 82 1213; x_wconf 73' lang='lat'><strong>.</strong></span> <span class='ocrx_word' id='word_1_17' title='bbox 116 1167 123 1196; x_wconf 78' lang='lat' dir='ltr'>l</span> 
     </span>
    </p>
   </div>
   <div class='ocr_carea' id='block_1_4' title="bbox 112 1248 1312 1342">
    <p class='ocr_par' dir='ltr' id='par_1_4' title="bbox 112 1248 1312 1342">
     <span class='ocr_line' id='line_1_4' title="bbox 112 1248 1312 1342; baseline -0.008 -16"><span class='ocrx_word' id='word_1_18' title='bbox 112 1311 122 1342; x_wconf 49' lang='grc' dir='ltr'><strong>ς</strong></span> <span class='ocrx_word' id='word_1_19' title='bbox 182 1257 224 1327; x_wconf 88' lang='lat' dir='ltr'>A.</span> <span class='ocrx_word' id='word_1_20' title='bbox 250 1307 641 1327; x_wconf 83' lang='grc'><strong>..................</strong></span> <span class='ocrx_word' id='word_1_21' title='bbox 654 1248 845 1322; x_wconf 75' lang='lat' dir='ltr'><strong>Aemiliam</strong></span> <span class='ocrx_word' id='word_1_22' title='bbox 868 1254 1213 1324; x_wconf 86' lang='lat' dir='ltr'>nobilemfeminam</span> <span class='ocrx_word' id='word_1_23' title='bbox 1229 1277 1312 1340; x_wconf 88' lang='lat' dir='ltr'>rogo</span> 
     </span>
    </p>
   </div>
   <div class='ocr_carea' id='block_1_5' title="bbox 178 1340 1334 3285">
    <p class='ocr_par' dir='ltr' id='par_1_5' title="bbox 248 1340 1334 1558">
     <span class='ocr_line' id='line_1_5' title="bbox 248 1340 1301 1454; baseline -0.003 -23"><span class='ocrx_word' id='word_1_24' title='bbox 248 1340 668 1454; x_wconf 44' lang='lat' dir='ltr'>impositam&#39;tubicinum</span> <span class='ocrx_word' id='word_1_25' title='bbox 692 1370 861 1430; x_wconf 79' lang='lat' dir='ltr'>concentu</span> <span class='ocrx_word' id='word_1_26' title='bbox 885 1368 1080 1428; x_wconf 87' lang='lat' dir='ltr'>memorant</span> <span class='ocrx_word' id='word_1_27' title='bbox 1103 1362 1301 1430; x_wconf 76' lang='lat' dir='ltr'>excitatam.</span> 
     </span>
     <span class='ocr_line' id='line_1_6' title="bbox 292 1454 1334 1558; baseline -0.004 -18"><span class='ocrx_word' id='word_1_28' title='bbox 292 1476 346 1540; x_wconf 90' lang='lat' dir='ltr'>De</span> <span class='ocrx_word' id='word_1_29' title='bbox 362 1472 523 1540; x_wconf 77' lang='lat' dir='ltr'>Corfidiis</span> <span class='ocrx_word' id='word_1_30' title='bbox 540 1454 707 1538; x_wconf 82' lang='lat' dir='ltr'>fratribus</span> <span class='ocrx_word' id='word_1_31' title='bbox 724 1471 823 1558; x_wconf 87' lang='lat' dir='ltr'>quasi</span> <span class='ocrx_word' id='word_1_32' title='bbox 846 1471 966 1538; x_wconf 85' lang='lat' dir='ltr'>fabula</span> <span class='ocrx_word' id='word_1_33' title='bbox 988 1478 1051 1538; x_wconf 89' lang='lat' dir='ltr'>est.</span> <span class='ocrx_word' id='word_1_34' title='bbox 1068 1470 1180 1540; x_wconf 89' lang='lat' dir='ltr'>maior</span> <span class='ocrx_word' id='word_1_35' title='bbox 1194 1468 1312 1553; x_wconf 80' lang='lat' dir='ltr'>frater,</span> <span class='ocrx_word' id='word_1_36' title='bbox 1331 1489 1334 1492; x_wconf 86' lang='grc'><em>·</em></span> 
     </span>
    </p>

    <p class='ocr_par' dir='ltr' id='par_1_6' title="bbox 246 1579 1315 2097">
     <span class='ocr_line' id='line_1_7' title="bbox 248 1579 1312 1665; baseline -0.001 -19"><span class='ocrx_word' id='word_1_37' title='bbox 248 1580 372 1647; x_wconf 81' lang='lat' dir='ltr'>herede</span> <span class='ocrx_word' id='word_1_38' title='bbox 388 1579 521 1647; x_wconf 90' lang='lat' dir='ltr'>minore</span> <span class='ocrx_word' id='word_1_39' title='bbox 538 1579 641 1659; x_wconf 88' lang='lat' dir='ltr'>facto,</span> <span class='ocrx_word' id='word_1_40' title='bbox 654 1586 811 1646; x_wconf 87' lang='lat' dir='ltr'>mortuus</span> <span class='ocrx_word' id='word_1_41' title='bbox 827 1586 911 1664; x_wconf 81' lang='lat' dir='ltr'>erat,</span> <span class='ocrx_word' id='word_1_42' title='bbox 924 1580 1081 1665; x_wconf 87' lang='lat' dir='ltr'>lectoque</span> <span class='ocrx_word' id='word_1_43' title='bbox 1094 1583 1312 1663; x_wconf 80' lang='lat' dir='ltr'>testamenta,</span> 
     </span>
     <span class='ocr_line' id='line_1_8' title="bbox 248 1686 1315 1774; baseline -0.003 -19"><span class='ocrx_word' id='word_1_44' title='bbox 248 1686 378 1755; x_wconf 86' lang='lat' dir='ltr'>revixit</span> <span class='ocrx_word' id='word_1_45' title='bbox 401 1687 527 1774; x_wconf 90' lang='lat' dir='ltr'>maior;</span> <span class='ocrx_word' id='word_1_46' title='bbox 553 1712 574 1757; x_wconf 91' lang='lat' dir='ltr'>a</span> <span class='ocrx_word' id='word_1_47' title='bbox 597 1686 705 1754; x_wconf 83' lang='lat' dir='ltr'>fratre</span> <span class='ocrx_word' id='word_1_48' title='bbox 729 1686 779 1753; x_wconf 86' lang='lat' dir='ltr'>ait</span> <span class='ocrx_word' id='word_1_49' title='bbox 802 1710 839 1753; x_wconf 90' lang='lat' dir='ltr'>se</span> <span class='ocrx_word' id='word_1_50' title='bbox 861 1686 1058 1773; x_wconf 82' lang='lat' dir='ltr'>dimissum3</span> <span class='ocrx_word' id='word_1_51' title='bbox 1085 1709 1163 1752; x_wconf 92' lang='lat' dir='ltr'>eum</span> <span class='ocrx_word' id='word_1_52' title='bbox 1186 1686 1315 1774; x_wconf 88' lang='lat' dir='ltr'>petisse</span> 
     </span>
     <span class='ocr_line' id='line_1_9' title="bbox 247 1793 1315 1882; baseline -0.004 -20"><span class='ocrx_word' id='word_1_53' title='bbox 247 1795 359 1862; x_wconf 88' lang='lat' dir='ltr'>decies</span> <span class='ocrx_word' id='word_1_54' title='bbox 386 1795 502 1862; x_wconf 82' lang='lat' dir='ltr'>funeri</span> <span class='ocrx_word' id='word_1_55' title='bbox 529 1800 731 1882; x_wconf 83' lang='lat' dir='ltr'>erogaretur</span> <span class='ocrx_word' id='word_1_56' title='bbox 757 1801 792 1860; x_wconf 86' lang='lat' dir='ltr'>et</span> <span class='ocrx_word' id='word_1_57' title='bbox 820 1796 935 1861; x_wconf 92' lang='lat' dir='ltr'>locum</span> <span class='ocrx_word' id='word_1_58' title='bbox 962 1795 1133 1860; x_wconf 85' lang='lat' dir='ltr'>indicasse</span> <span class='ocrx_word' id='word_1_59' title='bbox 1160 1793 1315 1859; x_wconf 82' lang='lat' dir='ltr'>thesauri</span> 
     </span>
     <span class='ocr_line' id='line_1_10' title="bbox 248 1900 1315 1989; baseline -0.004 -21"><span class='ocrx_word' id='word_1_60' title='bbox 248 1908 282 1968; x_wconf 89' lang='lat' dir='ltr'>et</span> <span class='ocrx_word' id='word_1_61' title='bbox 294 1902 407 1968; x_wconf 88' lang='lat' dir='ltr'>filiam</span> <span class='ocrx_word' id='word_1_62' title='bbox 425 1900 695 1969; x_wconf 87' lang='lat' dir='ltr'>commendasse.</span> <span class='ocrx_word' id='word_1_63' title='bbox 712 1924 835 1967; x_wconf 91' lang='lat' dir='ltr'>aurum</span> <span class='ocrx_word' id='word_1_64' title='bbox 852 1902 1029 1989; x_wconf 87' lang='lat' dir='ltr'>praedicto</span> <span class='ocrx_word' id='word_1_65' title='bbox 1046 1902 1121 1967; x_wconf 91' lang='lat' dir='ltr'>loco</span> <span class='ocrx_word' id='word_1_66' title='bbox 1139 1906 1315 1988; x_wconf 87' lang='lat' dir='ltr'>repertum</span> 
     </span>
     <span class='ocr_line' id='line_1_11' title="bbox 246 2009 1128 2097; baseline -0.002 -21"><span class='ocrx_word' id='word_1_67' title='bbox 246 2017 280 2076; x_wconf 87' lang='lat' dir='ltr'>et</span> <span class='ocrx_word' id='word_1_68' title='bbox 303 2010 411 2077; x_wconf 82' lang='lat' dir='ltr'>frater</span> <span class='ocrx_word' id='word_1_69' title='bbox 424 2010 522 2076; x_wconf 88' lang='lat' dir='ltr'>heres</span> <span class='ocrx_word' id='word_1_70' title='bbox 538 2009 719 2097; x_wconf 87' lang='lat' dir='ltr'>repentino</span> <span class='ocrx_word' id='word_1_71' title='bbox 737 2016 893 2075; x_wconf 89' lang='lat' dir='ltr'>mortuus</span> <span class='ocrx_word' id='word_1_72' title='bbox 909 2009 1103 2075; x_wconf 86' lang='lat' dir='ltr'>nuntiatur.</span> <span class='ocrx_word' id='word_1_73' title='bbox 1124 2011 1128 2094; x_wconf 84' lang='grc' dir='ltr'>Ι</span> 
     </span>
    </p>

    <p class='ocr_par' dir='ltr' id='par_1_7' title="bbox 178 2113 1329 2853">
     <span class='ocr_line' id='line_1_12' title="bbox 178 2113 1329 2199; baseline -0.004 -15"><span class='ocrx_word' id='word_1_74' title='bbox 178 2120 220 2185; x_wconf 93' lang='grc' dir='ltr'>Β.</span> <span class='ocrx_word' id='word_1_75' title='bbox 289 2119 401 2184; x_wconf 89' lang='lat' dir='ltr'>Multa</span> <span class='ocrx_word' id='word_1_76' title='bbox 416 2169 535 2188; x_wconf 90' lang='grc'><strong>......</strong></span> <span class='ocrx_word' id='word_1_77' title='bbox 554 2116 746 2183; x_wconf 87' lang='lat' dir='ltr'>omittenda</span> <span class='ocrx_word' id='word_1_78' title='bbox 775 2117 812 2182; x_wconf 90' lang='lat' dir='ltr'>in</span> <span class='ocrx_word' id='word_1_79' title='bbox 837 2116 891 2182; x_wconf 90' lang='lat' dir='ltr'>his</span> <span class='ocrx_word' id='word_1_80' title='bbox 919 2115 1074 2182; x_wconf 85' lang='lat' dir='ltr'>historiis</span> <span class='ocrx_word' id='word_1_81' title='bbox 1102 2113 1329 2199; x_wconf 5' lang='lat' dir='ltr'>existimavi.»</span> 
     </span>
     <span class='ocr_line' id='line_1_13' title="bbox 241 2223 1309 2313; baseline -0.002 -23"><span class='ocrx_word' id='word_1_82' title='bbox 241 2249 309 2292; x_wconf 86' lang='lat' dir='ltr'>nec</span> <span class='ocrx_word' id='word_1_83' title='bbox 334 2224 525 2313; x_wconf 87' lang='lat' dir='ltr'>opplendae</span> <span class='ocrx_word' id='word_1_84' title='bbox 538 2230 619 2290; x_wconf 86' lang='lat' dir='ltr'>sunt</span> <span class='ocrx_word' id='word_1_85' title='bbox 631 2224 829 2290; x_wconf 89' lang='lat' dir='ltr'>huiusmodi</span> <span class='ocrx_word' id='word_1_86' title='bbox 847 2223 1104 2310; x_wconf 86' lang='lat' dir='ltr'>cognitionibus</span> <span class='ocrx_word' id='word_1_87' title='bbox 1122 2223 1309 2310; x_wconf 84' lang='lat' dir='ltr'>chartulae,</span> 
     </span>
     <span class='ocr_line' id='line_1_14' title="bbox 245 2331 1310 2420; baseline -0.004 -21"><span class='ocrx_word' id='word_1_88' title='bbox 245 2357 324 2400; x_wconf 90' lang='lat' dir='ltr'>cum</span> <span class='ocrx_word' id='word_1_89' title='bbox 339 2333 423 2399; x_wconf 89' lang='lat' dir='ltr'>satis</span> <span class='ocrx_word' id='word_1_90' title='bbox 437 2386 443 2398; x_wconf 92' lang='lat'><strong>.</strong></span> <span class='ocrx_word' id='word_1_91' title='bbox 459 2384 466 2399; x_wconf 91' lang='lat'><strong>.</strong></span> <span class='ocrx_word' id='word_1_92' title='bbox 481 2386 487 2399; x_wconf 95' lang='lat'><strong>.</strong></span> <span class='ocrx_word' id='word_1_93' title='bbox 503 2384 512 2401; x_wconf 89' lang='lat'><strong>.</strong></span> <span class='ocrx_word' id='word_1_94' title='bbox 528 2355 601 2420; x_wconf 84' lang='lat' dir='ltr'>usu,</span> <span class='ocrx_word' id='word_1_95' title='bbox 619 2332 678 2398; x_wconf 90' lang='lat' dir='ltr'>sed</span> <span class='ocrx_word' id='word_1_96' title='bbox 693 2339 791 2419; x_wconf 87' lang='lat' dir='ltr'>gesta</span> <span class='ocrx_word' id='word_1_97' title='bbox 808 2383 907 2401; x_wconf 90' lang='grc'><strong>.....</strong></span> <span class='ocrx_word' id='word_1_98' title='bbox 925 2355 945 2398; x_wconf 89' lang='lat' dir='ltr'>a</span> <span class='ocrx_word' id='word_1_99' title='bbox 961 2331 1149 2398; x_wconf 89' lang='lat' dir='ltr'>maioribus</span> <span class='ocrx_word' id='word_1_100' title='bbox 1172 2337 1310 2396; x_wconf 87' lang='lat' dir='ltr'>tantum</span> 
     </span>
     <span class='ocr_line' id='line_1_15' title="bbox 244 2439 1309 2529; baseline -0.001 -23"><span class='ocrx_word' id='word_1_101' title='bbox 244 2441 347 2507; x_wconf 90' lang='lat' dir='ltr'>modo</span> <span class='ocrx_word' id='word_1_102' title='bbox 371 2464 456 2529; x_wconf 90' lang='lat' dir='ltr'>opus</span> <span class='ocrx_word' id='word_1_103' title='bbox 480 2441 549 2507; x_wconf 87' lang='lat' dir='ltr'>fuit</span> <span class='ocrx_word' id='word_1_104' title='bbox 574 2463 636 2507; x_wconf 92' lang='lat' dir='ltr'>nos</span> <span class='ocrx_word' id='word_1_105' title='bbox 662 2463 906 2527; x_wconf 84' lang='lat' dir='ltr'>recognoscere</span> <span class='ocrx_word' id='word_1_106' title='bbox 929 2448 1098 2527; x_wconf 90' lang='lat' dir='ltr'>quantum</span> <span class='ocrx_word' id='word_1_107' title='bbox 1122 2439 1309 2506; x_wconf 87' lang='lat' dir='ltr'>memoriae</span> 
     </span>
     <span class='ocr_line' id='line_1_16' title="bbox 244 2548 538 2619; baseline 0.007 -5"><span class='ocrx_word' id='word_1_108' title='bbox 244 2548 380 2618; x_wconf 88' lang='lat' dir='ltr'>tradere</span> <span class='ocrx_word' id='word_1_109' title='bbox 393 2601 538 2619; x_wconf 86' lang='grc'><strong>.......</strong></span> 
     </span>
     <span class='ocr_line' id='line_1_17' title="bbox 245 2656 1309 2745; baseline -0.007 -18"><span class='ocrx_word' id='word_1_110' title='bbox 245 2707 479 2727; x_wconf 86' lang='grc'><strong>...........</strong></span> <span class='ocrx_word' id='word_1_111' title='bbox 494 2680 530 2723; x_wconf 89' lang='lat' dir='ltr'>se</span> <span class='ocrx_word' id='word_1_112' title='bbox 553 2679 632 2724; x_wconf 90' lang='lat' dir='ltr'>cum</span> <span class='ocrx_word' id='word_1_113' title='bbox 655 2659 841 2745; x_wconf 87' lang='lat' dir='ltr'>augurales</span> <span class='ocrx_word' id='word_1_114' title='bbox 868 2658 975 2726; x_wconf 87' lang='lat' dir='ltr'>libros</span> <span class='ocrx_word' id='word_1_115' title='bbox 998 2659 1129 2744; x_wconf 91' lang='lat' dir='ltr'>legeret</span> <span class='ocrx_word' id='word_1_116' title='bbox 1153 2656 1309 2722; x_wconf 88' lang='lat' dir='ltr'>consules</span> 
     </span>
     <span class='ocr_line' id='line_1_18' title="bbox 244 2762 1324 2853; baseline -0.003 -24"><span class='ocrx_word' id='word_1_117' title='bbox 244 2762 332 2830; x_wconf 86' lang='lat' dir='ltr'>vitio</span> <span class='ocrx_word' id='word_1_118' title='bbox 348 2770 479 2832; x_wconf 84' lang='lat' dir='ltr'>creatos</span> <span class='ocrx_word' id='word_1_119' title='bbox 495 2787 567 2830; x_wconf 90' lang='lat' dir='ltr'>esse</span> <span class='ocrx_word' id='word_1_120' title='bbox 583 2764 733 2853; x_wconf 84' lang='lat' dir='ltr'>doctum,</span> <span class='ocrx_word' id='word_1_121' title='bbox 750 2764 843 2850; x_wconf 88' lang='lat' dir='ltr'>quod</span> <span class='ocrx_word' id='word_1_122' title='bbox 866 2767 977 2846; x_wconf 90' lang='lat' dir='ltr'>denuo</span> <span class='ocrx_word' id='word_1_123' title='bbox 995 2771 1092 2830; x_wconf 87' lang='lat' dir='ltr'>extra</span> <span class='ocrx_word' id='word_1_124' title='bbox 1116 2762 1308 2850; x_wconf 87' lang='lat' dir='ltr'>pomerium</span> <span class='ocrx_word' id='word_1_125' title='bbox 1322 2777 1324 2780; x_wconf 83' lang='grc'><strong><em>·</em></strong></span> 
     </span>
    </p>

    <p class='ocr_par' dir='ltr' id='par_1_8' title="bbox 196 2863 1309 3285">
     <span class='ocr_line' id='line_1_19' title="bbox 196 2863 1308 2959; baseline -0.002 -22"><span class='ocrx_word' id='word_1_126' title='bbox 196 2884 198 2888; x_wconf 78' lang='grc'>’</span> <span class='ocrx_word' id='word_1_127' title='bbox 244 2870 416 2959; x_wconf 86' lang='lat' dir='ltr'>auspicari</span> <span class='ocrx_word' id='word_1_128' title='bbox 447 2871 621 2939; x_wconf 86' lang='lat' dir='ltr'>debuisset</span> <span class='ocrx_word' id='word_1_129' title='bbox 644 2896 723 2939; x_wconf 95' lang='lat' dir='ltr'>cum</span> <span class='ocrx_word' id='word_1_130' title='bbox 738 2863 790 2939; x_wconf 72' lang='lat' dir='ltr'>vad</span> <span class='ocrx_word' id='word_1_131' title='bbox 814 2873 973 2941; x_wconf 88' lang='lat' dir='ltr'>habenda</span> <span class='ocrx_word' id='word_1_132' title='bbox 995 2872 1033 2937; x_wconf 93' lang='lat' dir='ltr'>in</span> <span class='ocrx_word' id='word_1_133' title='bbox 1058 2894 1180 2958; x_wconf 89' lang='lat' dir='ltr'>campo</span> <span class='ocrx_word' id='word_1_134' title='bbox 1205 2871 1308 2939; x_wconf 89' lang='lat' dir='ltr'>comi·</span> 
     </span>
     <span class='ocr_line' id='line_1_20' title="bbox 243 2971 1309 3069; baseline 0.004 -25"><span class='ocrx_word' id='word_1_135' title='bbox 243 2978 294 3044; x_wconf 85' lang='lat' dir='ltr'>tia</span> <span class='ocrx_word' id='word_1_136' title='bbox 317 2979 562 3061; x_wconf 87' lang='lat' dir='ltr'>contenderet,</span> <span class='ocrx_word' id='word_1_137' title='bbox 587 2971 752 3068; x_wconf 90' lang='lat' dir='ltr'>quoniam</span> <span class='ocrx_word' id='word_1_138' title='bbox 776 2981 971 3069; x_wconf 87' lang='lat' dir='ltr'>pomerium</span> <span class='ocrx_word' id='word_1_139' title='bbox 995 2981 1075 3046; x_wconf 88' lang='lat' dir='ltr'>finis</span> <span class='ocrx_word' id='word_1_140' title='bbox 1099 2985 1188 3045; x_wconf 90' lang='lat' dir='ltr'>esset</span> <span class='ocrx_word' id='word_1_141' title='bbox 1210 2982 1309 3048; x_wconf 88' lang='lat' dir='ltr'>urba-</span> 
     </span>
     <span class='ocr_line' id='line_1_21' title="bbox 242 3087 1309 3176; baseline 0.002 -24"><span class='ocrx_word' id='word_1_142' title='bbox 242 3108 366 3152; x_wconf 93' lang='lat' dir='ltr'>norum</span> <span class='ocrx_word' id='word_1_143' title='bbox 394 3087 636 3175; x_wconf 87' lang='lat' dir='ltr'>auspiciorum.</span> <span class='ocrx_word' id='word_1_144' title='bbox 660 3111 800 3155; x_wconf 85' lang='lat' dir='ltr'>severo</span> <span class='ocrx_word' id='word_1_145' title='bbox 828 3088 865 3152; x_wconf 91' lang='lat' dir='ltr'>in</span> <span class='ocrx_word' id='word_1_146' title='bbox 890 3088 977 3155; x_wconf 84' lang='lat' dir='ltr'>villa</span> <span class='ocrx_word' id='word_1_147' title='bbox 1001 3087 1174 3176; x_wconf 83' lang='lat' dir='ltr'>Scipionis</span> <span class='ocrx_word' id='word_1_148' title='bbox 1197 3089 1309 3154; x_wconf 91' lang='lat' dir='ltr'>taber-</span> 
     </span>
     <span class='ocr_line' id='line_1_22' title="bbox 243 3194 1305 3285; baseline 0.003 -25"><span class='ocrx_word' id='word_1_149' title='bbox 243 3194 409 3261; x_wconf 91' lang='lat' dir='ltr'>naculum</span> <span class='ocrx_word' id='word_1_150' title='bbox 425 3196 578 3285; x_wconf 89' lang='lat' dir='ltr'>posuisse</span> <span class='ocrx_word' id='word_1_151' title='bbox 595 3202 630 3264; x_wconf 89' lang='lat' dir='ltr'>et</span> <span class='ocrx_word' id='word_1_152' title='bbox 646 3219 750 3284; x_wconf 89' lang='lat' dir='ltr'>quom</span> <span class='ocrx_word' id='word_1_153' title='bbox 767 3196 1008 3283; x_wconf 88' lang='lat' dir='ltr'>ingrederetur</span> <span class='ocrx_word' id='word_1_154' title='bbox 1022 3196 1235 3285; x_wconf 91' lang='lat' dir='ltr'>pomerium.</span> <span class='ocrx_word' id='word_1_155' title='bbox 1251 3248 1259 3264; x_wconf 91' lang='lat'><strong>.</strong></span> <span class='ocrx_word' id='word_1_156' title='bbox 1275 3246 1282 3262; x_wconf 90' lang='lat'><strong>.</strong></span> <span class='ocrx_word' id='word_1_157' title='bbox 1298 3247 1305 3263; x_wconf 94' lang='lat'><strong>.</strong></span> 
     </span>
    </p>
   </div>
   <div class='ocr_carea' id='block_1_6' title="bbox 161 3554 1315 4514">
    <p class='ocr_par' dir='ltr' id='par_1_9' title="bbox 161 3554 1315 4514">
     <span class='ocr_line' id='line_1_23' title="bbox 213 3554 1314 3624; baseline 0.006 -19"><span class='ocrx_word' id='word_1_158' title='bbox 213 3555 248 3606; x_wconf 82' lang='lat' dir='ltr'>A.</span> <span class='ocrx_word' id='word_1_159' title='bbox 266 3554 300 3606; x_wconf 89' lang='lat' dir='ltr'>In</span> <span class='ocrx_word' id='word_1_160' title='bbox 314 3554 408 3607; x_wconf 87' lang='lat' dir='ltr'>tribus</span> <span class='ocrx_word' id='word_1_161' title='bbox 424 3555 564 3621; x_wconf 85' lang='lat' dir='ltr'>prioribus</span> <span class='ocrx_word' id='word_1_162' title='bbox 579 3556 709 3610; x_wconf 85' lang='lat' dir='ltr'>versibus</span> <span class='ocrx_word' id='word_1_163' title='bbox 724 3558 793 3609; x_wconf 84' lang='lat' dir='ltr'>haec</span> <span class='ocrx_word' id='word_1_164' title='bbox 808 3561 925 3610; x_wconf 81' lang='lat' dir='ltr'>tantum</span> <span class='ocrx_word' id='word_1_165' title='bbox 941 3558 1028 3611; x_wconf 82' lang='lat' dir='ltr'>verba</span> <span class='ocrx_word' id='word_1_166' title='bbox 1045 3557 1164 3611; x_wconf 86' lang='lat' dir='ltr'>discerni</span> <span class='ocrx_word' id='word_1_167' title='bbox 1181 3566 1314 3624; x_wconf 87' lang='lat' dir='ltr'>possunt:</span> 
     </span>
     <span class='ocr_line' id='line_1_24' title="bbox 167 3636 1314 3704; baseline 0.006 -18"><span class='ocrx_word' id='word_1_168' title='bbox 167 3636 277 3698; x_wconf 79' lang='lat' dir='ltr'>EIQUE</span> <span class='ocrx_word' id='word_1_169' title='bbox 293 3636 415 3688; x_wconf 86' lang='lat' dir='ltr'><strong>ALIAM</strong></span> <span class='ocrx_word' id='word_1_170' title='bbox 424 3673 544 3689; x_wconf 85' lang='grc'><strong>........</strong></span> <span class='ocrx_word' id='word_1_171' title='bbox 553 3638 717 3703; x_wconf 80' lang='lat' dir='ltr'>REDISSE3</span> <span class='ocrx_word' id='word_1_172' title='bbox 726 3638 823 3704; x_wconf 81' lang='lat' dir='ltr'>itaque</span> <span class='ocrx_word' id='word_1_173' title='bbox 832 3656 846 3687; x_wconf 76' lang='lat' dir='ltr'>a</span> <span class='ocrx_word' id='word_1_174' title='bbox 855 3639 911 3689; x_wconf 82' lang='lat' dir='ltr'>alia</span> <span class='ocrx_word' id='word_1_175' title='bbox 918 3640 1045 3690; x_wconf 59' lang='lat' dir='ltr'>maraculo</span> <span class='ocrx_word' id='word_1_176' title='bbox 1055 3641 1198 3703; x_wconf 67' lang='lat' dir='ltr'>(attrahitis</span> <span class='ocrx_word' id='word_1_177' title='bbox 1208 3643 1246 3693; x_wconf 88' lang='lat' dir='ltr'>M.</span> <span class='ocrx_word' id='word_1_178' title='bbox 1257 3642 1314 3693; x_wconf 83' lang='lat' dir='ltr'>Fle·</span> 
     </span>
     <span class='ocr_line' id='line_1_25' title="bbox 167 3716 1315 3787; baseline 0.008 -21"><span class='ocrx_word' id='word_1_179' title='bbox 167 3716 257 3767; x_wconf 89' lang='lat' dir='ltr'>misch</span> <span class='ocrx_word' id='word_1_180' title='bbox 273 3732 297 3767; x_wconf 90' lang='lat' dir='ltr'>o.</span> <span class='ocrx_word' id='word_1_181' title='bbox 306 3733 341 3767; x_wconf 91' lang='lat' dir='ltr'>m.</span> <span class='ocrx_word' id='word_1_182' title='bbox 350 3734 376 3782; x_wconf 88' lang='lat' dir='ltr'>p.</span> <span class='ocrx_word' id='word_1_183' title='bbox 387 3718 445 3782; x_wconf 80' lang='lat'>267)</span> <span class='ocrx_word' id='word_1_184' title='bbox 460 3720 608 3771; x_wconf 78' lang='lat' dir='ltr'>nuntiantur</span> <span class='ocrx_word' id='word_1_185' title='bbox 619 3739 631 3766; x_wconf 83' lang='lat'><strong>»</strong></span> <span class='ocrx_word' id='word_1_186' title='bbox 644 3736 662 3771; x_wconf 78' lang='lat' dir='ltr'>a</span> <span class='ocrx_word' id='word_1_187' title='bbox 674 3720 705 3770; x_wconf 93' lang='grc' dir='ltr'>Β.</span> <span class='ocrx_word' id='word_1_188' title='bbox 721 3719 822 3771; x_wconf 85' lang='lat' dir='ltr'>datum</span> <span class='ocrx_word' id='word_1_189' title='bbox 839 3720 869 3772; x_wconf 90' lang='lat' dir='ltr'>in</span> <span class='ocrx_word' id='word_1_190' title='bbox 881 3726 971 3785; x_wconf 84' lang='lat' dir='ltr'>textu,</span> <span class='ocrx_word' id='word_1_191' title='bbox 983 3722 1054 3773; x_wconf 90' lang='lat' dir='ltr'>nihil</span> <span class='ocrx_word' id='word_1_192' title='bbox 1066 3723 1145 3773; x_wconf 85' lang='lat' dir='ltr'>aliud</span> <span class='ocrx_word' id='word_1_193' title='bbox 1156 3739 1243 3787; x_wconf 84' lang='lat' dir='ltr'>quam</span> <span class='ocrx_word' id='word_1_194' title='bbox 1254 3740 1315 3775; x_wconf 91' lang='lat' dir='ltr'>con·</span> 
     </span>
     <span class='ocr_line' id='line_1_26' title="bbox 167 3796 1315 3869; baseline 0.007 -21"><span class='ocrx_word' id='word_1_195' title='bbox 167 3796 278 3849; x_wconf 85' lang='lat' dir='ltr'>iectura</span> <span class='ocrx_word' id='word_1_196' title='bbox 288 3802 337 3850; x_wconf 87' lang='lat' dir='ltr'>est.</span> <span class='ocrx_word' id='word_1_197' title='bbox 348 3826 380 3837; x_wconf 92' lang='lat'><em>-</em></span> <span class='ocrx_word' id='word_1_198' title='bbox 390 3799 536 3864; x_wconf 67' lang='lat' dir='ltr'>Aemilium]</span> <span class='ocrx_word' id='word_1_199' title='bbox 557 3815 591 3851; x_wconf 88' lang='lat' dir='ltr'>ex</span> <span class='ocrx_word' id='word_1_200' title='bbox 610 3799 744 3851; x_wconf 83' lang='lat' dir='ltr'>extremis</span> <span class='ocrx_word' id='word_1_201' title='bbox 756 3799 861 3851; x_wconf 86' lang='lat' dir='ltr'>litteris</span> <span class='ocrx_word' id='word_1_202' title='bbox 872 3801 951 3853; x_wconf 85' lang='lat' dir='ltr'>tertii</span> <span class='ocrx_word' id='word_1_203' title='bbox 962 3818 1061 3854; x_wconf 87' lang='lat' dir='ltr'>versus</span> <span class='ocrx_word' id='word_1_204' title='bbox 1072 3808 1100 3855; x_wconf 87' lang='lat' dir='ltr'>et</span> <span class='ocrx_word' id='word_1_205' title='bbox 1112 3804 1208 3869; x_wconf 86' lang='lat' dir='ltr'>quarti</span> <span class='ocrx_word' id='word_1_206' title='bbox 1217 3804 1315 3856; x_wconf 87' lang='lat' dir='ltr'>ineun-</span> 
     </span>
     <span class='ocr_line' id='line_1_27' title="bbox 168 3876 1315 3951; baseline 0.008 -23"><span class='ocrx_word' id='word_1_207' title='bbox 168 3877 206 3928; x_wconf 85' lang='lat' dir='ltr'>tis</span> <span class='ocrx_word' id='word_1_208' title='bbox 223 3876 293 3943; x_wconf 86' lang='lat' dir='ltr'>legit</span> <span class='ocrx_word' id='word_1_209' title='bbox 309 3878 347 3928; x_wconf 91' lang='lat' dir='ltr'>M.</span> <span class='ocrx_word' id='word_1_210' title='bbox 364 3905 396 3919; x_wconf 89' lang='lat'><em>-</em></span> <span class='ocrx_word' id='word_1_211' title='bbox 410 3879 524 3944; x_wconf 73' lang='lat' dir='ltr'>nobilem]</span> <span class='ocrx_word' id='word_1_212' title='bbox 542 3895 567 3944; x_wconf 90' lang='lat' dir='ltr'>p.</span> <span class='ocrx_word' id='word_1_213' title='bbox 583 3879 622 3944; x_wconf 88' lang='grc' dir='ltr'>Βς</span> <span class='ocrx_word' id='word_1_214' title='bbox 638 3879 800 3931; x_wconf 79' lang='lat' dir='ltr'>NOBILEm</span> <span class='ocrx_word' id='word_1_215' title='bbox 817 3881 877 3931; x_wconf 88' lang='lat' dir='ltr'>cod.</span> <span class='ocrx_word' id='word_1_216' title='bbox 893 3907 925 3922; x_wconf 94' lang='lat'>-</span> <span class='ocrx_word' id='word_1_217' title='bbox 939 3884 1010 3948; x_wconf 72' lang='lat' dir='ltr'>rope]</span> <span class='ocrx_word' id='word_1_218' title='bbox 1027 3883 1066 3933; x_wconf 90' lang='lat' dir='ltr'>M.</span> <span class='ocrx_word' id='word_1_219' title='bbox 1076 3887 1262 3951; x_wconf 65' lang='lat' dir='ltr'>-awrrwrcnd</span> <span class='ocrx_word' id='word_1_220' title='bbox 1275 3886 1315 3937; x_wconf 88' lang='lat' dir='ltr'>M.</span> 
     </span>
     <span class='ocr_line' id='line_1_28' title="bbox 167 3958 1314 4028; baseline 0.008 -20"><span class='ocrx_word' id='word_1_221' title='bbox 167 3973 207 4023; x_wconf 70' lang='grc' dir='ltr'>μς</span> <span class='ocrx_word' id='word_1_222' title='bbox 224 3961 261 4008; x_wconf 76' lang='lat' dir='ltr'>ait</span> <span class='ocrx_word' id='word_1_223' title='bbox 276 3958 355 4009; x_wconf 82' lang='lat' dir='ltr'>vitam</span> <span class='ocrx_word' id='word_1_224' title='bbox 370 3960 416 4024; x_wconf 92' lang='grc' dir='ltr'>Β.ς</span> <span class='ocrx_word' id='word_1_225' title='bbox 433 3960 475 4011; x_wconf 80' lang='lat' dir='ltr'>Mi</span> <span class='ocrx_word' id='word_1_226' title='bbox 485 3996 491 4010; x_wconf 94' lang='lat'><strong>.</strong></span> <span class='ocrx_word' id='word_1_227' title='bbox 501 3996 506 4010; x_wconf 92' lang='lat'><strong>.</strong></span> <span class='ocrx_word' id='word_1_228' title='bbox 517 3995 540 4010; x_wconf 86' lang='lat'>..</span> <span class='ocrx_word' id='word_1_229' title='bbox 555 3960 615 4011; x_wconf 88' lang='lat' dir='ltr'>cod.</span> <span class='ocrx_word' id='word_1_230' title='bbox 631 3991 662 4000; x_wconf 98' lang='lat'>-</span> <span class='ocrx_word' id='word_1_231' title='bbox 681 3960 809 4027; x_wconf 78' lang='lat' dir='ltr'>Ocrfidiis]</span> <span class='ocrx_word' id='word_1_232' title='bbox 827 3963 901 4013; x_wconf 74' lang='lat' dir='ltr'>aer.</span> <span class='ocrx_word' id='word_1_233' title='bbox 917 3963 998 4015; x_wconf 86' lang='lat' dir='ltr'>Varr.</span> <span class='ocrx_word' id='word_1_234' title='bbox 1015 3962 1090 4028; x_wconf 87' lang='lat' dir='ltr'>apud</span> <span class='ocrx_word' id='word_1_235' title='bbox 1104 3964 1178 4015; x_wconf 92' lang='lat' dir='ltr'>Plin.</span> <span class='ocrx_word' id='word_1_236' title='bbox 1195 3966 1256 4024; x_wconf 86' lang='lat' dir='ltr'>VII,</span> <span class='ocrx_word' id='word_1_237' title='bbox 1268 3967 1314 4017; x_wconf 82' lang='lat'>177</span> 
     </span>
     <span class='ocr_line' id='line_1_29' title="bbox 165 4037 1315 4111; baseline 0.008 -23"><span class='ocrx_word' id='word_1_238' title='bbox 165 4041 203 4100; x_wconf 87' lang='lat' dir='ltr'>(v.</span> <span class='ocrx_word' id='word_1_239' title='bbox 221 4041 349 4104; x_wconf 75' lang='lat' dir='ltr'>comm.);</span> <span class='ocrx_word' id='word_1_240' title='bbox 367 4037 487 4090; x_wconf 77' lang='lat' dir='ltr'>Corticits</span> <span class='ocrx_word' id='word_1_241' title='bbox 502 4040 562 4092; x_wconf 88' lang='lat' dir='ltr'>cod.</span> <span class='ocrx_word' id='word_1_242' title='bbox 578 4048 606 4093; x_wconf 87' lang='lat' dir='ltr'>et</span> <span class='ocrx_word' id='word_1_243' title='bbox 623 4058 648 4107; x_wconf 91' lang='lat' dir='ltr'>p.</span> <span class='ocrx_word' id='word_1_244' title='bbox 664 4069 696 4082; x_wconf 92' lang='lat'><em>-</em></span> <span class='ocrx_word' id='word_1_245' title='bbox 711 4041 801 4093; x_wconf 77' lang='lat' dir='ltr'>herede</span> <span class='ocrx_word' id='word_1_246' title='bbox 816 4043 913 4092; x_wconf 82' lang='lat' dir='ltr'>minore</span> <span class='ocrx_word' id='word_1_247' title='bbox 928 4044 996 4105; x_wconf 78' lang='lat' dir='ltr'>facto</span> <span class='ocrx_word' id='word_1_248' title='bbox 1011 4050 1123 4095; x_wconf 77' lang='lat' dir='ltr'>mortuus</span> <span class='ocrx_word' id='word_1_249' title='bbox 1138 4046 1202 4111; x_wconf 84' lang='lat' dir='ltr'>erat]</span> <span class='ocrx_word' id='word_1_250' title='bbox 1220 4047 1259 4111; x_wconf 89' lang='grc' dir='ltr'>Βς</span> <span class='ocrx_word' id='word_1_251' title='bbox 1276 4047 1315 4096; x_wconf 79' lang='lat' dir='ltr'>he·</span> 
     </span>
     <span class='ocr_line' id='line_1_30' title="bbox 166 4117 1313 4197; baseline 0.012 -30"><span class='ocrx_word' id='word_1_252' title='bbox 166 4117 250 4168; x_wconf 79' lang='lat' dir='ltr'>radam</span> <span class='ocrx_word' id='word_1_253' title='bbox 264 4119 387 4170; x_wconf 83' lang='lat' dir='ltr'>minorem</span> <span class='ocrx_word' id='word_1_254' title='bbox 402 4120 545 4172; x_wconf 75' lang='lat' dir='ltr'>instituerat</span> <span class='ocrx_word' id='word_1_255' title='bbox 559 4124 598 4175; x_wconf 90' lang='lat' dir='ltr'>M.</span> <span class='ocrx_word' id='word_1_256' title='bbox 610 4153 640 4161; x_wconf 97' lang='lat'>-</span> <span class='ocrx_word' id='word_1_257' title='bbox 653 4123 761 4187; x_wconf 73' lang='lat' dir='ltr'>tactoque</span> <span class='ocrx_word' id='word_1_258' title='bbox 776 4129 918 4175; x_wconf 72' lang='lat' dir='ltr'>testamento</span> <span class='ocrx_word' id='word_1_259' title='bbox 928 4125 1130 4186; x_wconf 77' lang='lat' dir='ltr'>reviaeitmaior;</span> <span class='ocrx_word' id='word_1_260' title='bbox 1143 4145 1160 4177; x_wconf 86' lang='lat' dir='ltr'>a</span> <span class='ocrx_word' id='word_1_261' title='bbox 1167 4128 1252 4189; x_wconf 80' lang='lat' dir='ltr'>fratre</span> <span class='ocrx_word' id='word_1_262' title='bbox 1267 4132 1313 4197; x_wconf 83' lang='lat' dir='ltr'>ait]</span> 
     </span>
     <span class='ocr_line' id='line_1_31' title="bbox 166 4198 1315 4275; baseline 0.013 -28"><span class='ocrx_word' id='word_1_263' title='bbox 166 4198 205 4249; x_wconf 92' lang='lat' dir='ltr'>M.</span> <span class='ocrx_word' id='word_1_264' title='bbox 223 4215 266 4264; x_wconf 69' lang='grc' dir='ltr'>μς</span> <span class='ocrx_word' id='word_1_265' title='bbox 280 4199 298 4249; x_wconf 90' lang='lat' dir='ltr'>t.</span> <span class='ocrx_word' id='word_1_266' title='bbox 315 4206 331 4249; x_wconf 87' lang='lat' dir='ltr'>t.</span> <span class='ocrx_word' id='word_1_267' title='bbox 347 4201 449 4251; x_wconf 81' lang='lat' dir='ltr'>revixit.</span> <span class='ocrx_word' id='word_1_268' title='bbox 467 4219 485 4251; x_wconf 83' lang='lat' dir='ltr'>a</span> <span class='ocrx_word' id='word_1_269' title='bbox 500 4204 598 4254; x_wconf 77' lang='lat' dir='ltr'>minore</span> <span class='ocrx_word' id='word_1_270' title='bbox 612 4205 695 4267; x_wconf 71' lang='lat' dir='ltr'>fratre</span> <span class='ocrx_word' id='word_1_271' title='bbox 709 4211 804 4255; x_wconf 66' lang='lat' dir='ltr'>namot</span> <span class='ocrx_word' id='word_1_272' title='bbox 818 4206 849 4255; x_wconf 94' lang='lat' dir='ltr'>B.</span> <span class='ocrx_word' id='word_1_273' title='bbox 862 4211 892 4255; x_wconf 88' lang='lat' dir='ltr'>at</span> <span class='ocrx_word' id='word_1_274' title='bbox 913 4207 1028 4256; x_wconf 62' lang='lat' dir='ltr'>«remisit</span> <span class='ocrx_word' id='word_1_275' title='bbox 1043 4210 1129 4258; x_wconf 75' lang='lat' dir='ltr'>orator</span> <span class='ocrx_word' id='word_1_276' title='bbox 1138 4232 1149 4252; x_wconf 67' lang='grc' dir='ltr'>ι</span> <span class='ocrx_word' id='word_1_277' title='bbox 1170 4211 1315 4275; x_wconf 89' lang='lat' dir='ltr'>perspicue</span> 
     </span>
     <span class='ocr_line' id='line_1_32' title="bbox 165 4278 1313 4356; baseline 0.01 -28"><span class='ocrx_word' id='word_1_278' title='bbox 165 4279 195 4330; x_wconf 91' lang='lat' dir='ltr'>in</span> <span class='ocrx_word' id='word_1_279' title='bbox 212 4278 272 4330; x_wconf 90' lang='lat' dir='ltr'>cod.</span> <span class='ocrx_word' id='word_1_280' title='bbox 289 4278 408 4331; x_wconf 87' lang='lat' dir='ltr'>discerni</span> <span class='ocrx_word' id='word_1_281' title='bbox 425 4286 527 4346; x_wconf 85' lang='lat' dir='ltr'>potest.</span> <span class='ocrx_word' id='word_1_282' title='bbox 543 4311 575 4321; x_wconf 90' lang='lat'>—</span> <span class='ocrx_word' id='word_1_283' title='bbox 590 4284 728 4350; x_wconf 70' lang='lat' dir='ltr'>divitarum]</span> <span class='ocrx_word' id='word_1_284' title='bbox 751 4284 868 4336; x_wconf 77' lang='lat' dir='ltr'>dimissus</span> <span class='ocrx_word' id='word_1_285' title='bbox 881 4284 956 4356; x_wconf 55' lang='grc' dir='ltr'><strong>θυρὶς</strong></span> <span class='ocrx_word' id='word_1_286' title='bbox 971 4289 1101 4338; x_wconf 79' lang='lat' dir='ltr'>remissum</span> <span class='ocrx_word' id='word_1_287' title='bbox 1112 4290 1142 4339; x_wconf 91' lang='lat' dir='ltr'>B.</span> <span class='ocrx_word' id='word_1_288' title='bbox 1159 4318 1190 4327; x_wconf 93' lang='lat'>-</span> <span class='ocrx_word' id='word_1_289' title='bbox 1206 4291 1285 4341; x_wconf 66' lang='lat' dir='ltr'>decies</span> <span class='ocrx_word' id='word_1_290' title='bbox 1300 4321 1313 4330; x_wconf 91' lang='lat'><strong>·</strong></span> 
     </span>
     <span class='ocr_line' id='line_1_33' title="bbox 166 4360 1313 4432; baseline 0.008 -22"><span class='ocrx_word' id='word_1_291' title='bbox 166 4361 322 4426; x_wconf 75' lang='lat' dir='ltr'>eroparetur]</span> <span class='ocrx_word' id='word_1_292' title='bbox 339 4360 380 4411; x_wconf 92' lang='lat' dir='ltr'>M.</span> <span class='ocrx_word' id='word_1_293' title='bbox 395 4361 446 4426; x_wconf 90' lang='lat' dir='ltr'>qui</span> <span class='ocrx_word' id='word_1_294' title='bbox 462 4362 493 4414; x_wconf 90' lang='lat' dir='ltr'>in</span> <span class='ocrx_word' id='word_1_295' title='bbox 502 4364 534 4414; x_wconf 83' lang='lat' dir='ltr'>T.</span> <span class='ocrx_word' id='word_1_296' title='bbox 544 4364 630 4416; x_wconf 86' lang='lat' dir='ltr'>acod.</span> <span class='ocrx_word' id='word_1_297' title='bbox 647 4365 774 4430; x_wconf 88' lang='lat' dir='ltr'>praebito</span> <span class='ocrx_word' id='word_1_298' title='bbox 791 4366 909 4432; x_wconf 85' lang='lat' dir='ltr'>agnovit</span> <span class='ocrx_word' id='word_1_299' title='bbox 926 4368 969 4425; x_wconf 83' lang='grc' dir='ltr'>Χς</span> <span class='ocrx_word' id='word_1_300' title='bbox 985 4369 1072 4430; x_wconf 80' lang='lat' dir='ltr'>funeri</span> <span class='ocrx_word' id='word_1_301' title='bbox 1086 4385 1130 4418; x_wconf 77' lang='lat' dir='ltr'>suo</span> <span class='ocrx_word' id='word_1_302' title='bbox 1146 4370 1185 4432; x_wconf 85' lang='lat' dir='ltr'>B.;</span> <span class='ocrx_word' id='word_1_303' title='bbox 1203 4386 1257 4419; x_wconf 74' lang='lat' dir='ltr'>euna</span> <span class='ocrx_word' id='word_1_304' title='bbox 1265 4387 1313 4432; x_wconf 79' lang='lat' dir='ltr'>pe-</span> 
     </span>
     <span class='ocr_line' id='line_1_34' title="bbox 161 4440 1313 4514; baseline 0.01 -22"><span class='ocrx_word' id='word_1_305' title='bbox 161 4440 217 4492; x_wconf 78' lang='lat' dir='ltr'>tisse</span> <span class='ocrx_word' id='word_1_306' title='bbox 234 4446 261 4496; x_wconf 81' lang='lat' dir='ltr'>ut</span> <span class='ocrx_word' id='word_1_307' title='bbox 275 4442 364 4504; x_wconf 79' lang='lat' dir='ltr'>funere</span> <span class='ocrx_word' id='word_1_308' title='bbox 381 4442 426 4496; x_wconf 78' lang='lat' dir='ltr'>itte</span> <span class='ocrx_word' id='word_1_309' title='bbox 441 4445 574 4509; x_wconf 79' lang='lat' dir='ltr'>efferretur</span> <span class='ocrx_word' id='word_1_310' title='bbox 591 4462 615 4510; x_wconf 87' lang='lat' dir='ltr'>p.</span> <span class='ocrx_word' id='word_1_311' title='bbox 626 4446 754 4500; x_wconf 91' lang='lat' dir='ltr'>Plinium</span> <span class='ocrx_word' id='word_1_312' title='bbox 770 4453 891 4511; x_wconf 82' lang='lat' dir='ltr'>secutus,</span> <span class='ocrx_word' id='word_1_313' title='bbox 908 4447 957 4500; x_wconf 86' lang='lat' dir='ltr'>sed</span> <span class='ocrx_word' id='word_1_314' title='bbox 973 4465 1126 4514; x_wconf 82' lang='lat' dir='ltr'>perperam,</span> <span class='ocrx_word' id='word_1_315' title='bbox 1137 4465 1203 4501; x_wconf 91' lang='lat' dir='ltr'>cum</span> <span class='ocrx_word' id='word_1_316' title='bbox 1220 4451 1249 4502; x_wconf 91' lang='lat' dir='ltr'>in</span> <span class='ocrx_word' id='word_1_317' title='bbox 1262 4468 1313 4503; x_wconf 89' lang='lat' dir='ltr'>ms.</span> 
     </span>
    </p>
   </div>
   <div class='ocr_carea' id='block_1_7' title="bbox 0 0 1660 5167">
    <p class='ocr_par' dir='ltr' id='par_1_10' title="bbox 0 0 1660 5167">
     <span class='ocr_line' id='line_1_35' title="bbox 0 0 1660 5167; baseline 0 3"><span class='ocrx_word' id='word_1_318' title='bbox 0 0 1660 5167; x_wconf 95' lang='lat' dir='ltr'> </span> 
     </span>
    </p>
   </div>
  </div>
 </body>
</html>
