<?xml version="1.0" encoding="UTF-8"?>
<!DOCTYPE html PUBLIC "-//W3C//DTD XHTML 1.0 Transitional//EN"
    "http://www.w3.org/TR/xhtml1/DTD/xhtml1-transitional.dtd">
<html xmlns="http://www.w3.org/1999/xhtml" xml:lang="en" lang="en">
 <head>
  <title>
</title>
<meta http-equiv="Content-Type" content="text/html;charset=utf-8" />
  <meta name='ocr-system' content='tesseract 3.04.00' />
  <meta name='ocr-capabilities' content='ocr_page ocr_carea ocr_par ocr_line ocrx_word'/>
</head>
<body>
  <div class='ocr_page' id='page_1' title='image "./granilicinianiq00camogoog_0052.png"; bbox 0 0 3309 5167; ppageno 0'>
   <div class='ocr_carea' id='block_1_1' title="bbox 787 270 947 348">
    <p class='ocr_par' dir='ltr' id='par_1_1' title="bbox 787 270 947 348">
     <span class='ocr_line' id='line_1_1' title="bbox 787 270 947 348; baseline 0.019 -17"><span class='ocrx_word' id='word_1_1' title='bbox 787 270 947 348; x_wconf 60' lang='lat'><strong>-38÷</strong></span> 
     </span>
    </p>
   </div>
   <div class='ocr_carea' id='block_1_2' title="bbox 279 403 1438 3878">
    <p class='ocr_par' dir='ltr' id='par_1_2' title="bbox 286 403 1438 1817">
     <span class='ocr_line' id='line_1_2' title="bbox 290 403 1435 476; baseline -0.001 -17"><span class='ocrx_word' id='word_1_2' title='bbox 290 404 478 473; x_wconf 83' lang='lat' dir='ltr'>Strabonem,</span> <span class='ocrx_word' id='word_1_3' title='bbox 498 405 598 459; x_wconf 90' lang='lat' dir='ltr'>missis</span> <span class='ocrx_word' id='word_1_4' title='bbox 620 403 804 476; x_wconf 84' lang='lat' dir='ltr'>ambagibus,</span> <span class='ocrx_word' id='word_1_5' title='bbox 833 422 900 458; x_wconf 92' lang='lat' dir='ltr'>cum</span> <span class='ocrx_word' id='word_1_6' title='bbox 923 404 1054 459; x_wconf 90' lang='lat' dir='ltr'>Sertorio</span> <span class='ocrx_word' id='word_1_7' title='bbox 1070 406 1172 472; x_wconf 70' lang='lat' dir='ltr'>padua</span> <span class='ocrx_word' id='word_1_8' title='bbox 1192 420 1348 474; x_wconf 78' lang='lat' dir='ltr'><strong>pugnasse,</strong></span> <span class='ocrx_word' id='word_1_9' title='bbox 1368 422 1435 459; x_wconf 91' lang='lat' dir='ltr'>cum</span> 
     </span>
     <span class='ocr_line' id='line_1_3' title="bbox 291 494 1437 565; baseline 0 -16"><span class='ocrx_word' id='word_1_10' title='bbox 291 495 479 550; x_wconf 82' lang='lat' dir='ltr'>condiciones</span> <span class='ocrx_word' id='word_1_11' title='bbox 498 494 626 550; x_wconf 85' lang='lat' dir='ltr'>foederis</span> <span class='ocrx_word' id='word_1_12' title='bbox 640 514 656 548; x_wconf 92' lang='lat' dir='ltr'>a</span> <span class='ocrx_word' id='word_1_13' title='bbox 676 495 777 561; x_wconf 82' lang='lat' dir='ltr'>Cinna,</span> <span class='ocrx_word' id='word_1_14' title='bbox 792 496 843 565; x_wconf 89' lang='lat' dir='ltr'>qui</span> <span class='ocrx_word' id='word_1_15' title='bbox 858 512 889 549; x_wconf 90' lang='lat' dir='ltr'>se</span> <span class='ocrx_word' id='word_1_16' title='bbox 903 496 1085 565; x_wconf 88' lang='lat' dir='ltr'>superiorem</span> <span class='ocrx_word' id='word_1_17' title='bbox 1100 495 1296 557; x_wconf 88' lang='lat' dir='ltr'>existimaret,</span> <span class='ocrx_word' id='word_1_18' title='bbox 1309 496 1437 549; x_wconf 88' lang='lat' dir='ltr'>reiectae</span> 
     </span>
     <span class='ocr_line' id='line_1_4' title="bbox 289 584 1437 654; baseline -0.001 -15"><span class='ocrx_word' id='word_1_19' title='bbox 289 591 400 639; x_wconf 87' lang='lat' dir='ltr'>essent.</span> <span class='ocrx_word' id='word_1_20' title='bbox 419 585 491 639; x_wconf 90' lang='lat' dir='ltr'>Cum</span> <span class='ocrx_word' id='word_1_21' title='bbox 512 584 606 639; x_wconf 92' lang='lat' dir='ltr'>Cinna</span> <span class='ocrx_word' id='word_1_22' title='bbox 618 585 666 639; x_wconf 92' lang='lat' dir='ltr'>vel</span> <span class='ocrx_word' id='word_1_23' title='bbox 682 584 778 639; x_wconf 89' lang='lat' dir='ltr'>Mario</span> <span class='ocrx_word' id='word_1_24' title='bbox 797 584 972 639; x_wconf 77' lang='lat' dir='ltr'>Strabonem</span> <span class='ocrx_word' id='word_1_25' title='bbox 993 584 1068 638; x_wconf 90' lang='lat' dir='ltr'>clam</span> <span class='ocrx_word' id='word_1_26' title='bbox 1089 589 1160 637; x_wconf 89' lang='lat' dir='ltr'>ante</span> <span class='ocrx_word' id='word_1_27' title='bbox 1189 584 1334 654; x_wconf 86' lang='lat' dir='ltr'>proelium</span> <span class='ocrx_word' id='word_1_28' title='bbox 1362 602 1437 638; x_wconf 92' lang='lat' dir='ltr'>com·</span> 
     </span>
     <span class='ocr_line' id='line_1_5' title="bbox 288 671 1437 744; baseline 0.002 -17"><span class='ocrx_word' id='word_1_29' title='bbox 288 671 457 729; x_wconf 85' lang='lat' dir='ltr'>municasse</span> <span class='ocrx_word' id='word_1_30' title='bbox 473 673 604 741; x_wconf 89' lang='lat' dir='ltr'>consilia,</span> <span class='ocrx_word' id='word_1_31' title='bbox 618 674 791 744; x_wconf 85' lang='lat' dir='ltr'>colligimus</span> <span class='ocrx_word' id='word_1_32' title='bbox 810 691 847 728; x_wconf 85' lang='lat' dir='ltr'>ex</span> <span class='ocrx_word' id='word_1_33' title='bbox 866 674 930 729; x_wconf 92' lang='lat' dir='ltr'>loco</span> <span class='ocrx_word' id='word_1_34' title='bbox 944 674 1088 728; x_wconf 88' lang='lat' dir='ltr'>Orosiano</span> <span class='ocrx_word' id='word_1_35' title='bbox 1115 674 1150 741; x_wconf 90' lang='lat' dir='ltr'>V,</span> <span class='ocrx_word' id='word_1_36' title='bbox 1168 674 1271 742; x_wconf 85' lang='lat'>19,10:</span> <span class='ocrx_word' id='word_1_37' title='bbox 1287 676 1338 730; x_wconf 86' lang='lat' dir='ltr'>Ca.</span> <span class='ocrx_word' id='word_1_38' title='bbox 1352 676 1437 729; x_wconf 86' lang='lat' dir='ltr'>Pom-</span> 
     </span>
     <span class='ocr_line' id='line_1_6' title="bbox 286 762 1437 834; baseline 0.001 -17"><span class='ocrx_word' id='word_1_39' title='bbox 286 763 373 833; x_wconf 81' lang='lat' dir='ltr'>peius</span> <span class='ocrx_word' id='word_1_40' title='bbox 391 762 463 834; x_wconf 80' lang='lat' dir='ltr'>qui.</span> <span class='ocrx_word' id='word_1_41' title='bbox 478 802 484 816; x_wconf 91' lang='lat'>.</span> <span class='ocrx_word' id='word_1_42' title='bbox 500 803 505 816; x_wconf 93' lang='lat'>.</span> <span class='ocrx_word' id='word_1_43' title='bbox 520 764 573 819; x_wconf 80' lang='lat' dir='ltr'>diu</span> <span class='ocrx_word' id='word_1_44' title='bbox 591 780 650 818; x_wconf 82' lang='lat' dir='ltr'>sese</span> <span class='ocrx_word' id='word_1_45' title='bbox 668 780 811 818; x_wconf 82' lang='lat' dir='ltr'>nouarum</span> <span class='ocrx_word' id='word_1_46' title='bbox 831 781 927 819; x_wconf 85' lang='lat' dir='ltr'>rerum</span> <span class='ocrx_word' id='word_1_47' title='bbox 947 763 1143 834; x_wconf 76' lang='lat' dir='ltr'>aucupatione</span> <span class='ocrx_word' id='word_1_48' title='bbox 1154 765 1353 833; x_wconf 78' lang='lat' dir='ltr'>suspenderat,</span> <span class='ocrx_word' id='word_1_49' title='bbox 1367 780 1437 818; x_wconf 85' lang='lat' dir='ltr'>con-</span> 
     </span>
     <span class='ocr_line' id='line_1_7' title="bbox 290 850 1437 922; baseline -0.002 -16"><span class='ocrx_word' id='word_1_50' title='bbox 290 855 415 922; x_wconf 79' lang='lat' dir='ltr'>temptas</span> <span class='ocrx_word' id='word_1_51' title='bbox 433 869 452 905; x_wconf 90' lang='lat' dir='ltr'>a</span> <span class='ocrx_word' id='word_1_52' title='bbox 471 852 570 907; x_wconf 75' lang='lat' dir='ltr'>Marto</span> <span class='ocrx_word' id='word_1_53' title='bbox 588 855 633 907; x_wconf 86' lang='lat' dir='ltr'>oet</span> <span class='ocrx_word' id='word_1_54' title='bbox 652 851 748 909; x_wconf 80' lang='lat' dir='ltr'>Cinna</span> <span class='ocrx_word' id='word_1_55' title='bbox 768 853 807 907; x_wconf 86' lang='lat' dir='ltr'>ad</span> <span class='ocrx_word' id='word_1_56' title='bbox 826 854 948 907; x_wconf 83' lang='lat' dir='ltr'>alteram</span> <span class='ocrx_word' id='word_1_57' title='bbox 967 852 1113 907; x_wconf 84' lang='lat' dir='ltr'>consulem</span> <span class='ocrx_word' id='word_1_58' title='bbox 1133 867 1193 907; x_wconf 78' lang='lat' dir='ltr'>sese</span> <span class='ocrx_word' id='word_1_59' title='bbox 1206 850 1326 906; x_wconf 81' lang='lat' dir='ltr'>contulit</span> <span class='ocrx_word' id='word_1_60' title='bbox 1338 857 1394 906; x_wconf 86' lang='lat' dir='ltr'>etc.</span> <span class='ocrx_word' id='word_1_61' title='bbox 1407 857 1437 905; x_wconf 90' lang='lat' dir='ltr'>et</span> 
     </span>
     <span class='ocr_line' id='line_1_8' title="bbox 289 939 1437 1013; baseline -0.002 -18"><span class='ocrx_word' id='word_1_62' title='bbox 289 943 353 995; x_wconf 86' lang='lat' dir='ltr'>Per.</span> <span class='ocrx_word' id='word_1_63' title='bbox 374 941 440 997; x_wconf 90' lang='lat' dir='ltr'>Liv.</span> <span class='ocrx_word' id='word_1_64' title='bbox 460 942 504 999; x_wconf 82' lang='grc'>79.</span> <span class='ocrx_word' id='word_1_65' title='bbox 523 940 695 998; x_wconf 82' lang='lat' dir='ltr'>-Marius</span> <span class='ocrx_word' id='word_1_66' title='bbox 715 940 848 996; x_wconf 78' lang='lat' dir='ltr'>Ianiculo</span> <span class='ocrx_word' id='word_1_67' title='bbox 864 939 933 1013; x_wconf 81' lang='lat' dir='ltr'>pot]</span> <span class='ocrx_word' id='word_1_68' title='bbox 952 940 1066 994; x_wconf 79' lang='lat' dir='ltr'>Narrat</span> <span class='ocrx_word' id='word_1_69' title='bbox 1085 942 1240 1011; x_wconf 83' lang='lat' dir='ltr'>Appianas</span> <span class='ocrx_word' id='word_1_70' title='bbox 1260 939 1295 1011; x_wconf 84' lang='grc' dir='ltr'>(Ι,</span> <span class='ocrx_word' id='word_1_71' title='bbox 1317 940 1364 1011; x_wconf 85' lang='grc'>68)</span> <span class='ocrx_word' id='word_1_72' title='bbox 1383 942 1437 1011; x_wconf 93' lang='lat' dir='ltr'>Ap-</span> 
     </span>
     <span class='ocr_line' id='line_1_9' title="bbox 290 1029 1437 1101; baseline -0.001 -18"><span class='ocrx_word' id='word_1_73' title='bbox 290 1030 370 1100; x_wconf 89' lang='lat' dir='ltr'>pium</span> <span class='ocrx_word' id='word_1_74' title='bbox 391 1029 546 1084; x_wconf 89' lang='lat' dir='ltr'>Claudium</span> <span class='ocrx_word' id='word_1_75' title='bbox 567 1031 635 1084; x_wconf 88' lang='lat' dir='ltr'>trib.</span> <span class='ocrx_word' id='word_1_76' title='bbox 655 1031 794 1098; x_wconf 89' lang='lat' dir='ltr'>militum,</span> <span class='ocrx_word' id='word_1_77' title='bbox 814 1032 864 1100; x_wconf 91' lang='lat' dir='ltr'>qui</span> <span class='ocrx_word' id='word_1_78' title='bbox 884 1030 1019 1086; x_wconf 87' lang='lat' dir='ltr'>Ianiculo</span> <span class='ocrx_word' id='word_1_79' title='bbox 1049 1034 1194 1101; x_wconf 79' lang='lat' dir='ltr'>praeerat,</span> <span class='ocrx_word' id='word_1_80' title='bbox 1223 1034 1257 1083; x_wconf 91' lang='lat' dir='ltr'>ut</span> <span class='ocrx_word' id='word_1_81' title='bbox 1277 1029 1373 1083; x_wconf 86' lang='lat' dir='ltr'>Mario</span> <span class='ocrx_word' id='word_1_82' title='bbox 1391 1029 1437 1083; x_wconf 89' lang='lat' dir='ltr'>be-</span> 
     </span>
     <span class='ocr_line' id='line_1_10' title="bbox 288 1111 1438 1190; baseline -0.002 -17"><span class='ocrx_word' id='word_1_83' title='bbox 288 1111 386 1173; x_wconf 88' lang='lat' dir='ltr'>neficii</span> <span class='ocrx_word' id='word_1_84' title='bbox 405 1122 505 1175; x_wconf 89' lang='lat' dir='ltr'>nescio</span> <span class='ocrx_word' id='word_1_85' title='bbox 524 1120 608 1174; x_wconf 88' lang='lat' dir='ltr'>cuius</span> <span class='ocrx_word' id='word_1_86' title='bbox 626 1122 756 1190; x_wconf 85' lang='lat' dir='ltr'>gratiam</span> <span class='ocrx_word' id='word_1_87' title='bbox 777 1120 913 1188; x_wconf 82' lang='lat' dir='ltr'>referret,</span> <span class='ocrx_word' id='word_1_88' title='bbox 934 1121 966 1173; x_wconf 92' lang='lat' dir='ltr'>ei</span> <span class='ocrx_word' id='word_1_89' title='bbox 989 1126 1091 1190; x_wconf 89' lang='lat' dir='ltr'>portas</span> <span class='ocrx_word' id='word_1_90' title='bbox 1110 1119 1279 1189; x_wconf 75' lang='lat' dir='ltr'>aperuisse,</span> <span class='ocrx_word' id='word_1_91' title='bbox 1301 1125 1364 1172; x_wconf 88' lang='lat' dir='ltr'>tum</span> <span class='ocrx_word' id='word_1_92' title='bbox 1379 1118 1438 1171; x_wconf 86' lang='lat' dir='ltr'>Ma·</span> 
     </span>
     <span class='ocr_line' id='line_1_11' title="bbox 290 1208 1438 1279; baseline 0 -17"><span class='ocrx_word' id='word_1_93' title='bbox 290 1210 368 1262; x_wconf 86' lang='lat' dir='ltr'>rium</span> <span class='ocrx_word' id='word_1_94' title='bbox 387 1211 478 1264; x_wconf 90' lang='lat' dir='ltr'>etiam</span> <span class='ocrx_word' id='word_1_95' title='bbox 492 1210 617 1263; x_wconf 87' lang='lat' dir='ltr'>Cinnam</span> <span class='ocrx_word' id='word_1_96' title='bbox 631 1227 698 1263; x_wconf 92' lang='lat' dir='ltr'>cum</span> <span class='ocrx_word' id='word_1_97' title='bbox 714 1211 847 1264; x_wconf 86' lang='lat' dir='ltr'>exercitu</span> <span class='ocrx_word' id='word_1_98' title='bbox 862 1210 892 1263; x_wconf 90' lang='lat' dir='ltr'>in</span> <span class='ocrx_word' id='word_1_99' title='bbox 906 1208 1010 1263; x_wconf 89' lang='lat' dir='ltr'>urbem</span> <span class='ocrx_word' id='word_1_100' title='bbox 1023 1210 1179 1279; x_wconf 90' lang='lat' dir='ltr'>recepisse.</span> <span class='ocrx_word' id='word_1_101' title='bbox 1191 1241 1226 1251; x_wconf 91' lang='lat'>-</span> <span class='ocrx_word' id='word_1_102' title='bbox 1240 1210 1301 1266; x_wconf 76' lang='lat' dir='ltr'>Sea</span> <span class='ocrx_word' id='word_1_103' title='bbox 1315 1208 1438 1263; x_wconf 83' lang='lat' dir='ltr'>cohorti-</span> 
     </span>
     <span class='ocr_line' id='line_1_12' title="bbox 289 1297 1437 1372; baseline -0.003 -19"><span class='ocrx_word' id='word_1_104' title='bbox 289 1297 351 1372; x_wconf 80' lang='lat' dir='ltr'>bus]</span> <span class='ocrx_word' id='word_1_105' title='bbox 366 1299 532 1353; x_wconf 87' lang='lat' dir='ltr'>cohortium</span> <span class='ocrx_word' id='word_1_106' title='bbox 544 1316 700 1360; x_wconf 87' lang='lat' dir='ltr'>numerum</span> <span class='ocrx_word' id='word_1_107' title='bbox 711 1316 784 1368; x_wconf 89' lang='lat' dir='ltr'>quas</span> <span class='ocrx_word' id='word_1_108' title='bbox 805 1299 963 1369; x_wconf 88' lang='lat' dir='ltr'>Pompeius</span> <span class='ocrx_word' id='word_1_109' title='bbox 982 1297 1105 1353; x_wconf 89' lang='lat' dir='ltr'>Octavio</span> <span class='ocrx_word' id='word_1_110' title='bbox 1119 1297 1230 1352; x_wconf 84' lang='lat' dir='ltr'>auxilio</span> <span class='ocrx_word' id='word_1_111' title='bbox 1243 1299 1326 1353; x_wconf 88' lang='lat' dir='ltr'>misit</span> <span class='ocrx_word' id='word_1_112' title='bbox 1340 1315 1377 1351; x_wconf 84' lang='lat' dir='ltr'>ex</span> <span class='ocrx_word' id='word_1_113' title='bbox 1391 1297 1437 1350; x_wconf 90' lang='lat' dir='ltr'>Li·</span> 
     </span>
     <span class='ocr_line' id='line_1_13' title="bbox 290 1387 1437 1459; baseline -0.003 -16"><span class='ocrx_word' id='word_1_114' title='bbox 290 1390 408 1443; x_wconf 88' lang='lat' dir='ltr'>ciniano</span> <span class='ocrx_word' id='word_1_115' title='bbox 427 1389 490 1444; x_wconf 88' lang='lat' dir='ltr'>solo</span> <span class='ocrx_word' id='word_1_116' title='bbox 509 1389 660 1443; x_wconf 88' lang='lat' dir='ltr'>habemus.</span> <span class='ocrx_word' id='word_1_117' title='bbox 681 1387 847 1443; x_wconf 88' lang='lat' dir='ltr'>Secundum</span> <span class='ocrx_word' id='word_1_118' title='bbox 862 1390 1032 1459; x_wconf 83' lang='lat' dir='ltr'>Appianum</span> <span class='ocrx_word' id='word_1_119' title='bbox 1046 1389 1109 1458; x_wconf 91' lang='lat' dir='ltr'>ipse</span> <span class='ocrx_word' id='word_1_120' title='bbox 1123 1388 1281 1457; x_wconf 86' lang='lat' dir='ltr'>Pompeius</span> <span class='ocrx_word' id='word_1_121' title='bbox 1295 1405 1360 1442; x_wconf 90' lang='lat' dir='ltr'>cum</span> <span class='ocrx_word' id='word_1_122' title='bbox 1374 1389 1437 1442; x_wconf 90' lang='lat' dir='ltr'>suis</span> 
     </span>
     <span class='ocr_line' id='line_1_14' title="bbox 289 1476 1437 1550; baseline -0.003 -19"><span class='ocrx_word' id='word_1_123' title='bbox 289 1479 320 1531; x_wconf 87' lang='lat' dir='ltr'>in</span> <span class='ocrx_word' id='word_1_124' title='bbox 341 1478 485 1532; x_wconf 83' lang='lat' dir='ltr'>auxilium</span> <span class='ocrx_word' id='word_1_125' title='bbox 504 1479 623 1533; x_wconf 78' lang='lat' dir='ltr'>venisse</span> <span class='ocrx_word' id='word_1_126' title='bbox 642 1477 778 1534; x_wconf 79' lang='lat' dir='ltr'>videtur:</span> <span class='ocrx_word' id='word_1_127' title='bbox 799 1477 934 1547; x_wconf 64' lang='grc' dir='ltr'>Ὀκταβὼυ</span> <span class='ocrx_word' id='word_1_128' title='bbox 952 1480 996 1531; x_wconf 75' lang='grc' dir='ltr'>καὶ</span> <span class='ocrx_word' id='word_1_129' title='bbox 1025 1476 1165 1550; x_wconf 75' lang='grc' dir='ltr'>Πομπηίου</span> <span class='ocrx_word' id='word_1_130' title='bbox 1184 1477 1383 1550; x_wconf 76' lang='grc' dir='ltr'>ἐπιδραμόντων.</span> <span class='ocrx_word' id='word_1_131' title='bbox 1401 1507 1437 1518; x_wconf 89' lang='grc'>-</span> 
     </span>
     <span class='ocr_line' id='line_1_15' title="bbox 289 1565 1437 1640; baseline -0.002 -18"><span class='ocrx_word' id='word_1_132' title='bbox 289 1565 444 1640; x_wconf 79' lang='lat' dir='ltr'>Milonius]</span> <span class='ocrx_word' id='word_1_133' title='bbox 463 1574 585 1621; x_wconf 89' lang='lat' dir='ltr'>senator</span> <span class='ocrx_word' id='word_1_134' title='bbox 604 1585 672 1620; x_wconf 91' lang='lat' dir='ltr'>cum</span> <span class='ocrx_word' id='word_1_135' title='bbox 690 1567 822 1621; x_wconf 86' lang='lat' dir='ltr'>Sertorio</span> <span class='ocrx_word' id='word_1_136' title='bbox 842 1572 873 1621; x_wconf 90' lang='lat' dir='ltr'>et</span> <span class='ocrx_word' id='word_1_137' title='bbox 892 1565 922 1621; x_wconf 89' lang='lat' dir='ltr'>C.</span> <span class='ocrx_word' id='word_1_138' title='bbox 939 1567 1035 1621; x_wconf 90' lang='lat' dir='ltr'>Mario</span> <span class='ocrx_word' id='word_1_139' title='bbox 1049 1567 1145 1621; x_wconf 89' lang='lat' dir='ltr'>altero</span> <span class='ocrx_word' id='word_1_140' title='bbox 1159 1566 1197 1621; x_wconf 89' lang='lat' dir='ltr'>ad</span> <span class='ocrx_word' id='word_1_141' title='bbox 1211 1567 1336 1621; x_wconf 90' lang='lat' dir='ltr'>Cinnam</span> <span class='ocrx_word' id='word_1_142' title='bbox 1350 1566 1437 1637; x_wconf 82' lang='lat' dir='ltr'>fugit.</span> 
     </span>
     <span class='ocr_line' id='line_1_16' title="bbox 288 1654 1437 1728; baseline 0.001 -19"><span class='ocrx_word' id='word_1_143' title='bbox 288 1655 324 1709; x_wconf 91' lang='lat' dir='ltr'>Id</span> <span class='ocrx_word' id='word_1_144' title='bbox 345 1662 464 1710; x_wconf 90' lang='lat' dir='ltr'>tantum</span> <span class='ocrx_word' id='word_1_145' title='bbox 484 1655 520 1711; x_wconf 93' lang='lat' dir='ltr'>de</span> <span class='ocrx_word' id='word_1_146' title='bbox 541 1674 575 1711; x_wconf 89' lang='lat' dir='ltr'>eo</span> <span class='ocrx_word' id='word_1_147' title='bbox 594 1654 672 1728; x_wconf 90' lang='lat' dir='ltr'>apud</span> <span class='ocrx_word' id='word_1_148' title='bbox 691 1656 860 1727; x_wconf 82' lang='lat' dir='ltr'>Appianum</span> <span class='ocrx_word' id='word_1_149' title='bbox 880 1658 916 1727; x_wconf 90' lang='lat' dir='ltr'>(c.</span> <span class='ocrx_word' id='word_1_150' title='bbox 936 1657 994 1728; x_wconf 75' lang='lat'>65),</span> <span class='ocrx_word' id='word_1_151' title='bbox 1016 1656 1090 1710; x_wconf 90' lang='lat' dir='ltr'>nihil</span> <span class='ocrx_word' id='word_1_152' title='bbox 1110 1655 1188 1727; x_wconf 89' lang='lat' dir='ltr'>apud</span> <span class='ocrx_word' id='word_1_153' title='bbox 1201 1661 1318 1712; x_wconf 88' lang='lat' dir='ltr'>ceteros</span> <span class='ocrx_word' id='word_1_154' title='bbox 1337 1674 1437 1712; x_wconf 85' lang='lat' dir='ltr'>rerum</span> 
     </span>
     <span class='ocr_line' id='line_1_17' title="bbox 290 1747 460 1817; baseline 0.006 -17"><span class='ocrx_word' id='word_1_155' title='bbox 290 1747 460 1817; x_wconf 83' lang='lat' dir='ltr'>scriptores.</span> 
     </span>
    </p>

    <p class='ocr_par' dir='ltr' id='par_1_3' title="bbox 279 1828 1436 3878">
     <span class='ocr_line' id='line_1_18' title="bbox 290 1828 1436 1910; baseline 0.001 -20"><span class='ocrx_word' id='word_1_156' title='bbox 290 1828 293 1832; x_wconf 62' lang='grc'><em>’</em></span> <span class='ocrx_word' id='word_1_157' title='bbox 343 1836 377 1889; x_wconf 91' lang='grc' dir='ltr'>Β.</span> <span class='ocrx_word' id='word_1_158' title='bbox 396 1835 555 1906; x_wconf 82' lang='lat' dir='ltr'>Pompeius</span> <span class='ocrx_word' id='word_1_159' title='bbox 565 1868 598 1877; x_wconf 97' lang='lat'><em>-</em></span> <span class='ocrx_word' id='word_1_160' title='bbox 609 1835 825 1910; x_wconf 80' lang='lat' dir='ltr'>conficerentur]</span> <span class='ocrx_word' id='word_1_161' title='bbox 845 1828 969 1892; x_wconf 85' lang='lat' dir='ltr'>Crassus</span> <span class='ocrx_word' id='word_1_162' title='bbox 980 1831 1108 1891; x_wconf 85' lang='lat' dir='ltr'>Marium</span> <span class='ocrx_word' id='word_1_163' title='bbox 1121 1837 1281 1908; x_wconf 87' lang='lat' dir='ltr'>insequens</span> <span class='ocrx_word' id='word_1_164' title='bbox 1295 1841 1381 1891; x_wconf 79' lang='lat' dir='ltr'>extra</span> <span class='ocrx_word' id='word_1_165' title='bbox 1390 1854 1436 1891; x_wconf 86' lang='lat' dir='ltr'>ur·</span> 
     </span>
     <span class='ocr_line' id='line_1_19' title="bbox 292 1925 1436 1999; baseline 0.002 -20"><span class='ocrx_word' id='word_1_166' title='bbox 292 1925 359 1981; x_wconf 90' lang='lat' dir='ltr'>bem</span> <span class='ocrx_word' id='word_1_167' title='bbox 371 1932 549 1997; x_wconf 84' lang='lat' dir='ltr'>proruperat</span> <span class='ocrx_word' id='word_1_168' title='bbox 560 1945 627 1981; x_wconf 91' lang='lat' dir='ltr'>cum</span> <span class='ocrx_word' id='word_1_169' title='bbox 638 1934 724 1998; x_wconf 89' lang='lat' dir='ltr'>parte</span> <span class='ocrx_word' id='word_1_170' title='bbox 734 1928 893 1995; x_wconf 87' lang='lat' dir='ltr'>exercitus,</span> <span class='ocrx_word' id='word_1_171' title='bbox 907 1926 959 1982; x_wconf 88' lang='lat' dir='ltr'>sed</span> <span class='ocrx_word' id='word_1_172' title='bbox 971 1927 1128 1999; x_wconf 89' lang='lat' dir='ltr'>Pompeius</span> <span class='ocrx_word' id='word_1_173' title='bbox 1138 1929 1189 1997; x_wconf 93' lang='lat' dir='ltr'>qui</span> <span class='ocrx_word' id='word_1_174' title='bbox 1200 1944 1248 1983; x_wconf 84' lang='lat' dir='ltr'>res</span> <span class='ocrx_word' id='word_1_175' title='bbox 1259 1927 1379 1981; x_wconf 85' lang='lat' dir='ltr'>trahere</span> <span class='ocrx_word' id='word_1_176' title='bbox 1392 1945 1436 1981; x_wconf 90' lang='lat' dir='ltr'>cu·</span> 
     </span>
     <span class='ocr_line' id='line_1_20' title="bbox 291 2004 1436 2087; baseline 0 -19"><span class='ocrx_word' id='word_1_177' title='bbox 291 2014 392 2086; x_wconf 89' lang='lat' dir='ltr'>piebat</span> <span class='ocrx_word' id='word_1_178' title='bbox 411 2004 506 2085; x_wconf 89' lang='lat' dir='ltr'>usque</span> <span class='ocrx_word' id='word_1_179' title='bbox 524 2015 560 2069; x_wconf 92' lang='lat' dir='ltr'>ad</span> <span class='ocrx_word' id='word_1_180' title='bbox 581 2018 702 2071; x_wconf 89' lang='lat' dir='ltr'>comitia</span> <span class='ocrx_word' id='word_1_181' title='bbox 721 2016 899 2085; x_wconf 88' lang='lat' dir='ltr'>consularia,</span> <span class='ocrx_word' id='word_1_182' title='bbox 911 2018 1069 2087; x_wconf 93' lang='lat' dir='ltr'>quominus</span> <span class='ocrx_word' id='word_1_183' title='bbox 1079 2022 1245 2071; x_wconf 87' lang='lat' dir='ltr'>extremam</span> <span class='ocrx_word' id='word_1_184' title='bbox 1259 2015 1372 2070; x_wconf 87' lang='lat' dir='ltr'>cladem</span> <span class='ocrx_word' id='word_1_185' title='bbox 1387 2016 1436 2069; x_wconf 88' lang='lat' dir='ltr'>ille</span> 
     </span>
     <span class='ocr_line' id='line_1_21' title="bbox 291 2104 1435 2180; baseline 0.001 -22"><span class='ocrx_word' id='word_1_186' title='bbox 291 2104 436 2160; x_wconf 86' lang='lat' dir='ltr'>Marianis</span> <span class='ocrx_word' id='word_1_187' title='bbox 454 2105 588 2173; x_wconf 83' lang='lat' dir='ltr'>inferret,</span> <span class='ocrx_word' id='word_1_188' title='bbox 608 2107 769 2176; x_wconf 88' lang='lat' dir='ltr'>prohibuit.</span> <span class='ocrx_word' id='word_1_189' title='bbox 789 2139 823 2148; x_wconf 90' lang='lat'>-</span> <span class='ocrx_word' id='word_1_190' title='bbox 840 2123 950 2177; x_wconf 71' lang='lat' dir='ltr'>passura</span> <span class='ocrx_word' id='word_1_191' title='bbox 966 2106 1036 2180; x_wconf 80' lang='lat' dir='ltr'>fuit]</span> <span class='ocrx_word' id='word_1_192' title='bbox 1050 2125 1079 2162; x_wconf 90' lang='lat' dir='ltr'>v.</span> <span class='ocrx_word' id='word_1_193' title='bbox 1098 2106 1197 2161; x_wconf 85' lang='lat' dir='ltr'>Madv.</span> <span class='ocrx_word' id='word_1_194' title='bbox 1213 2108 1245 2163; x_wconf 81' lang='lat' dir='ltr'>C.</span> <span class='ocrx_word' id='word_1_195' title='bbox 1262 2109 1295 2161; x_wconf 90' lang='lat' dir='ltr'>L.</span> <span class='ocrx_word' id='word_1_196' title='bbox 1309 2108 1326 2175; x_wconf 64' lang='grc' dir='ltr'>ξ</span> <span class='ocrx_word' id='word_1_197' title='bbox 1339 2107 1391 2160; x_wconf 80' lang='grc'>344</span> <span class='ocrx_word' id='word_1_198' title='bbox 1403 2137 1435 2145; x_wconf 96' lang='grc'>-</span> 
     </span>
     <span class='ocr_line' id='line_1_22' title="bbox 292 2194 1435 2268; baseline -0.003 -17"><span class='ocrx_word' id='word_1_199' title='bbox 292 2194 442 2268; x_wconf 81' lang='lat' dir='ltr'>Crassum]</span> <span class='ocrx_word' id='word_1_200' title='bbox 463 2195 493 2248; x_wconf 91' lang='lat' dir='ltr'>P.</span> <span class='ocrx_word' id='word_1_201' title='bbox 513 2195 647 2262; x_wconf 82' lang='lat' dir='ltr'>Licinius</span> <span class='ocrx_word' id='word_1_202' title='bbox 666 2196 793 2252; x_wconf 84' lang='lat' dir='ltr'>Crassus</span> <span class='ocrx_word' id='word_1_203' title='bbox 812 2196 904 2251; x_wconf 83' lang='lat' dir='ltr'>Dives</span> <span class='ocrx_word' id='word_1_204' title='bbox 923 2197 1115 2251; x_wconf 87' lang='lat' dir='ltr'>Lusitanicus</span> <span class='ocrx_word' id='word_1_205' title='bbox 1136 2202 1188 2250; x_wconf 91' lang='lat' dir='ltr'>aut</span> <span class='ocrx_word' id='word_1_206' title='bbox 1208 2198 1272 2250; x_wconf 92' lang='lat' dir='ltr'>eius</span> <span class='ocrx_word' id='word_1_207' title='bbox 1291 2195 1370 2250; x_wconf 90' lang='lat' dir='ltr'>filius</span> <span class='ocrx_word' id='word_1_208' title='bbox 1389 2195 1435 2265; x_wconf 85' lang='lat' dir='ltr'>(cf.</span> 
     </span>
     <span class='ocr_line' id='line_1_23' title="bbox 290 2284 1435 2357; baseline 0.002 -21"><span class='ocrx_word' id='word_1_209' title='bbox 290 2284 454 2339; x_wconf 91' lang='lat' dir='ltr'>Drumaun.</span> <span class='ocrx_word' id='word_1_210' title='bbox 466 2286 501 2341; x_wconf 80' lang='lat' dir='ltr'>R.</span> <span class='ocrx_word' id='word_1_211' title='bbox 523 2287 557 2342; x_wconf 81' lang='lat' dir='ltr'>G.</span> <span class='ocrx_word' id='word_1_212' title='bbox 576 2285 618 2340; x_wconf 91' lang='lat' dir='ltr'>IV</span> <span class='ocrx_word' id='word_1_213' title='bbox 638 2304 663 2357; x_wconf 90' lang='lat' dir='ltr'>p.</span> <span class='ocrx_word' id='word_1_214' title='bbox 683 2287 725 2351; x_wconf 80' lang='grc'>70,</span> <span class='ocrx_word' id='word_1_215' title='bbox 739 2287 786 2357; x_wconf 75' lang='grc'>32)</span> <span class='ocrx_word' id='word_1_216' title='bbox 801 2294 862 2353; x_wconf 90' lang='lat' dir='ltr'>aut,</span> <span class='ocrx_word' id='word_1_217' title='bbox 875 2292 920 2339; x_wconf 67' lang='lat' dir='ltr'>&#39;ut</span> <span class='ocrx_word' id='word_1_218' title='bbox 935 2292 1037 2340; x_wconf 88' lang='lat' dir='ltr'>censet</span> <span class='ocrx_word' id='word_1_219' title='bbox 1052 2286 1205 2357; x_wconf 84' lang='lat' dir='ltr'>Wijunius</span> <span class='ocrx_word' id='word_1_220' title='bbox 1224 2286 1254 2356; x_wconf 62' lang='lat' dir='ltr'>ll.</span> <span class='ocrx_word' id='word_1_221' title='bbox 1270 2304 1308 2339; x_wconf 91' lang='lat' dir='ltr'>m.</span> <span class='ocrx_word' id='word_1_222' title='bbox 1321 2304 1348 2356; x_wconf 90' lang='lat' dir='ltr'>p.</span> <span class='ocrx_word' id='word_1_223' title='bbox 1363 2285 1435 2355; x_wconf 85' lang='grc'><strong>356),</strong></span> 
     </span>
     <span class='ocr_line' id='line_1_24' title="bbox 290 2374 1436 2444; baseline -0.001 -16"><span class='ocrx_word' id='word_1_224' title='bbox 290 2374 416 2428; x_wconf 86' lang='lat' dir='ltr'>Crassus</span> <span class='ocrx_word' id='word_1_225' title='bbox 435 2374 485 2428; x_wconf 90' lang='lat' dir='ltr'>ille</span> <span class='ocrx_word' id='word_1_226' title='bbox 504 2392 591 2444; x_wconf 90' lang='lat' dir='ltr'>quem</span> <span class='ocrx_word' id='word_1_227' title='bbox 612 2394 704 2429; x_wconf 90' lang='lat' dir='ltr'>unum</span> <span class='ocrx_word' id='word_1_228' title='bbox 734 2394 771 2429; x_wconf 87' lang='lat' dir='ltr'>ex</span> <span class='ocrx_word' id='word_1_229' title='bbox 794 2376 924 2430; x_wconf 81' lang='lat' dir='ltr'>Sullanis</span> <span class='ocrx_word' id='word_1_230' title='bbox 950 2375 1075 2430; x_wconf 91' lang='lat' dir='ltr'>ducibus</span> <span class='ocrx_word' id='word_1_231' title='bbox 1102 2375 1195 2430; x_wconf 84' lang='lat' dir='ltr'>fuisse</span> <span class='ocrx_word' id='word_1_232' title='bbox 1224 2381 1436 2429; x_wconf 88' lang='lat' dir='ltr'>commemorat</span> 
     </span>
     <span class='ocr_line' id='line_1_25' title="bbox 289 2463 1436 2537; baseline 0.002 -22"><span class='ocrx_word' id='word_1_233' title='bbox 289 2466 440 2534; x_wconf 84' lang='lat' dir='ltr'>Appiauus</span> <span class='ocrx_word' id='word_1_234' title='bbox 459 2465 507 2534; x_wconf 81' lang='lat' dir='ltr'>(B.</span> <span class='ocrx_word' id='word_1_235' title='bbox 529 2464 600 2532; x_wconf 85' lang='lat' dir='ltr'>CI,</span> <span class='ocrx_word' id='word_1_236' title='bbox 620 2466 675 2536; x_wconf 86' lang='lat'>90).</span> <span class='ocrx_word' id='word_1_237' title='bbox 696 2495 728 2507; x_wconf 93' lang='lat'>·-</span> <span class='ocrx_word' id='word_1_238' title='bbox 750 2465 865 2521; x_wconf 80' lang='lat' dir='ltr'>timebat</span> <span class='ocrx_word' id='word_1_239' title='bbox 884 2463 1001 2537; x_wconf 71' lang='lat' dir='ltr'>urnam]</span> <span class='ocrx_word' id='word_1_240' title='bbox 1029 2465 1180 2536; x_wconf 87' lang='lat' dir='ltr'>repulsam</span> <span class='ocrx_word' id='word_1_241' title='bbox 1208 2464 1384 2520; x_wconf 90' lang='lat' dir='ltr'>consulatus</span> <span class='ocrx_word' id='word_1_242' title='bbox 1400 2465 1436 2517; x_wconf 88' lang='lat' dir='ltr'>ti·</span> 
     </span>
     <span class='ocr_line' id='line_1_26' title="bbox 290 2551 1435 2625; baseline 0 -18"><span class='ocrx_word' id='word_1_243' title='bbox 290 2551 398 2621; x_wconf 88' lang='lat' dir='ltr'>mebat,</span> <span class='ocrx_word' id='word_1_244' title='bbox 418 2555 443 2608; x_wconf 92' lang='lat' dir='ltr'>si</span> <span class='ocrx_word' id='word_1_245' title='bbox 458 2559 589 2622; x_wconf 90' lang='lat' dir='ltr'>senatus,</span> <span class='ocrx_word' id='word_1_246' title='bbox 603 2554 729 2609; x_wconf 87' lang='lat' dir='ltr'>devictis</span> <span class='ocrx_word' id='word_1_247' title='bbox 740 2553 892 2620; x_wconf 90' lang='lat' dir='ltr'>Cinnanis,</span> <span class='ocrx_word' id='word_1_248' title='bbox 907 2554 1055 2625; x_wconf 88' lang='lat' dir='ltr'>praesidio</span> <span class='ocrx_word' id='word_1_249' title='bbox 1069 2572 1123 2608; x_wconf 94' lang='lat' dir='ltr'>suo</span> <span class='ocrx_word' id='word_1_250' title='bbox 1138 2555 1197 2607; x_wconf 88' lang='lat' dir='ltr'>iam</span> <span class='ocrx_word' id='word_1_251' title='bbox 1212 2571 1313 2607; x_wconf 89' lang='lat' dir='ltr'>carere</span> <span class='ocrx_word' id='word_1_252' title='bbox 1326 2558 1435 2624; x_wconf 85' lang='lat' dir='ltr'>posset.</span> 
     </span>
     <span class='ocr_line' id='line_1_27' title="bbox 290 2642 1435 2716; baseline -0.001 -19"><span class='ocrx_word' id='word_1_253' title='bbox 290 2673 322 2683; x_wconf 89' lang='lat'>—</span> <span class='ocrx_word' id='word_1_254' title='bbox 342 2642 460 2716; x_wconf 79' lang='lat' dir='ltr'>Metelli]</span> <span class='ocrx_word' id='word_1_255' title='bbox 478 2642 510 2708; x_wconf 83' lang='lat' dir='ltr'>Q.</span> <span class='ocrx_word' id='word_1_256' title='bbox 539 2642 683 2700; x_wconf 88' lang='lat' dir='ltr'>Caecilius</span> <span class='ocrx_word' id='word_1_257' title='bbox 711 2644 851 2697; x_wconf 85' lang='lat' dir='ltr'>Metellus</span> <span class='ocrx_word' id='word_1_258' title='bbox 872 2644 950 2711; x_wconf 82' lang='lat' dir='ltr'>Piae,</span> <span class='ocrx_word' id='word_1_259' title='bbox 971 2662 988 2697; x_wconf 85' lang='lat' dir='ltr'>a</span> <span class='ocrx_word' id='word_1_260' title='bbox 1009 2643 1092 2711; x_wconf 87' lang='lat' dir='ltr'>Nola,</span> <span class='ocrx_word' id='word_1_261' title='bbox 1113 2662 1201 2713; x_wconf 89' lang='lat' dir='ltr'>quam</span> <span class='ocrx_word' id='word_1_262' title='bbox 1226 2644 1376 2697; x_wconf 90' lang='lat' dir='ltr'>obsessam</span> <span class='ocrx_word' id='word_1_263' title='bbox 1397 2649 1435 2696; x_wconf 92' lang='lat' dir='ltr'>te·</span> 
     </span>
     <span class='ocr_line' id='line_1_28' title="bbox 289 2731 1435 2803; baseline 0.001 -18"><span class='ocrx_word' id='word_1_264' title='bbox 289 2731 388 2799; x_wconf 90' lang='lat' dir='ltr'>nebat,</span> <span class='ocrx_word' id='word_1_265' title='bbox 408 2739 532 2803; x_wconf 87' lang='lat' dir='ltr'>rogatus</span> <span class='ocrx_word' id='word_1_266' title='bbox 552 2751 569 2787; x_wconf 89' lang='lat' dir='ltr'>a</span> <span class='ocrx_word' id='word_1_267' title='bbox 588 2739 695 2788; x_wconf 89' lang='lat' dir='ltr'>senatu</span> <span class='ocrx_word' id='word_1_268' title='bbox 720 2740 754 2786; x_wconf 94' lang='lat' dir='ltr'>ut</span> <span class='ocrx_word' id='word_1_269' title='bbox 782 2736 897 2803; x_wconf 86' lang='lat' dir='ltr'>patriae</span> <span class='ocrx_word' id='word_1_270' title='bbox 925 2734 1068 2787; x_wconf 85' lang='lat' dir='ltr'>auxilium</span> <span class='ocrx_word' id='word_1_271' title='bbox 1100 2734 1205 2801; x_wconf 84' lang='lat' dir='ltr'>ferret,</span> <span class='ocrx_word' id='word_1_272' title='bbox 1232 2751 1298 2787; x_wconf 90' lang='lat' dir='ltr'>cum</span> <span class='ocrx_word' id='word_1_273' title='bbox 1326 2751 1435 2803; x_wconf 82' lang='lat' dir='ltr'>magna</span> 
     </span>
     <span class='ocr_line' id='line_1_29' title="bbox 290 2820 1434 2899; baseline 0.001 -24"><span class='ocrx_word' id='word_1_274' title='bbox 290 2826 377 2891; x_wconf 90' lang='lat' dir='ltr'>parte</span> <span class='ocrx_word' id='word_1_275' title='bbox 396 2824 546 2876; x_wconf 88' lang='lat' dir='ltr'>exercitus</span> <span class='ocrx_word' id='word_1_276' title='bbox 564 2822 690 2877; x_wconf 87' lang='lat' dir='ltr'>Romam</span> <span class='ocrx_word' id='word_1_277' title='bbox 710 2822 977 2899; x_wconf 86' lang='lat' dir='ltr'>appropinquabat.</span> <span class='ocrx_word' id='word_1_278' title='bbox 995 2853 1030 2863; x_wconf 91' lang='lat'>-·</span> <span class='ocrx_word' id='word_1_279' title='bbox 1054 2823 1153 2879; x_wconf 81' lang='lat' dir='ltr'>Catuli</span> <span class='ocrx_word' id='word_1_280' title='bbox 1165 2825 1223 2877; x_wconf 86' lang='lat' dir='ltr'>duo</span> <span class='ocrx_word' id='word_1_281' title='bbox 1236 2825 1263 2876; x_wconf 88' lang='lat' dir='ltr'>et</span> <span class='ocrx_word' id='word_1_282' title='bbox 1280 2820 1434 2895; x_wconf 74' lang='lat' dir='ltr'>Antonius]</span> 
     </span>
     <span class='ocr_line' id='line_1_30' title="bbox 291 2911 1434 2983; baseline 0.003 -19"><span class='ocrx_word' id='word_1_283' title='bbox 291 2911 376 2965; x_wconf 88' lang='lat' dir='ltr'>Solus</span> <span class='ocrx_word' id='word_1_284' title='bbox 396 2911 568 2967; x_wconf 87' lang='lat' dir='ltr'>Licinianus</span> <span class='ocrx_word' id='word_1_285' title='bbox 588 2915 709 2967; x_wconf 87' lang='lat' dir='ltr'>nomina</span> <span class='ocrx_word' id='word_1_286' title='bbox 728 2913 896 2983; x_wconf 84' lang='lat' dir='ltr'>legatorum</span> <span class='ocrx_word' id='word_1_287' title='bbox 916 2912 1018 2965; x_wconf 88' lang='lat' dir='ltr'>tradit.</span> <span class='ocrx_word' id='word_1_288' title='bbox 1038 2912 1080 2965; x_wconf 91' lang='lat' dir='ltr'>Hi</span> <span class='ocrx_word' id='word_1_289' title='bbox 1099 2912 1223 2966; x_wconf 82' lang='lat' dir='ltr'>fuerunt</span> <span class='ocrx_word' id='word_1_290' title='bbox 1242 2911 1274 2977; x_wconf 86' lang='lat' dir='ltr'>Q.</span> <span class='ocrx_word' id='word_1_291' title='bbox 1293 2912 1434 2967; x_wconf 87' lang='lat' dir='ltr'>Lutatius</span> 
     </span>
     <span class='ocr_line' id='line_1_31' title="bbox 290 2999 1433 3072; baseline 0.002 -19"><span class='ocrx_word' id='word_1_292' title='bbox 290 2999 415 3055; x_wconf 88' lang='lat' dir='ltr'>Catulus</span> <span class='ocrx_word' id='word_1_293' title='bbox 434 3002 542 3069; x_wconf 90' lang='lat' dir='ltr'>senior,</span> <span class='ocrx_word' id='word_1_294' title='bbox 552 3003 602 3071; x_wconf 89' lang='lat' dir='ltr'>qui</span> <span class='ocrx_word' id='word_1_295' title='bbox 621 3019 647 3055; x_wconf 90' lang='lat' dir='ltr'>a.</span> <span class='ocrx_word' id='word_1_296' title='bbox 666 3002 719 3055; x_wconf 77' lang='lat'>652</span> <span class='ocrx_word' id='word_1_297' title='bbox 739 3002 895 3056; x_wconf 89' lang='lat' dir='ltr'>consulatu</span> <span class='ocrx_word' id='word_1_298' title='bbox 915 3000 1036 3056; x_wconf 89' lang='lat' dir='ltr'>functus</span> <span class='ocrx_word' id='word_1_299' title='bbox 1056 3007 1122 3055; x_wconf 87' lang='lat' dir='ltr'>erat</span> <span class='ocrx_word' id='word_1_300' title='bbox 1142 3019 1288 3072; x_wconf 89' lang='lat' dir='ltr'>quemque</span> <span class='ocrx_word' id='word_1_301' title='bbox 1301 3001 1356 3056; x_wconf 88' lang='lat' dir='ltr'>hcc</span> <span class='ocrx_word' id='word_1_302' title='bbox 1369 3003 1433 3072; x_wconf 92' lang='lat' dir='ltr'>ipso</span> 
     </span>
     <span class='ocr_line' id='line_1_32' title="bbox 290 3091 1433 3163; baseline 0 -20"><span class='ocrx_word' id='word_1_303' title='bbox 290 3108 368 3144; x_wconf 89' lang='lat' dir='ltr'>auno</span> <span class='ocrx_word' id='word_1_304' title='bbox 387 3091 439 3144; x_wconf 90' lang='grc'>667</span> <span class='ocrx_word' id='word_1_305' title='bbox 462 3092 541 3162; x_wconf 85' lang='lat' dir='ltr'>ignis</span> <span class='ocrx_word' id='word_1_306' title='bbox 560 3092 669 3146; x_wconf 88' lang='lat' dir='ltr'>haustu</span> <span class='ocrx_word' id='word_1_307' title='bbox 690 3107 755 3147; x_wconf 86' lang='lat' dir='ltr'>sese</span> <span class='ocrx_word' id='word_1_308' title='bbox 774 3094 872 3162; x_wconf 89' lang='lat' dir='ltr'>ipsum</span> <span class='ocrx_word' id='word_1_309' title='bbox 891 3092 1080 3145; x_wconf 90' lang='lat' dir='ltr'>interemisse</span> <span class='ocrx_word' id='word_1_310' title='bbox 1100 3091 1193 3144; x_wconf 89' lang='lat' dir='ltr'>tradit</span> <span class='ocrx_word' id='word_1_311' title='bbox 1211 3091 1319 3146; x_wconf 84' lang='lat' dir='ltr'>Florus</span> <span class='ocrx_word' id='word_1_312' title='bbox 1332 3091 1384 3163; x_wconf 89' lang='lat' dir='ltr'>(Il,</span> <span class='ocrx_word' id='word_1_313' title='bbox 1397 3092 1433 3162; x_wconf 87' lang='lat'>9),</span> 
     </span>
     <span class='ocr_line' id='line_1_33' title="bbox 290 3179 1433 3251; baseline 0.002 -18"><span class='ocrx_word' id='word_1_314' title='bbox 290 3185 320 3233; x_wconf 88' lang='lat' dir='ltr'>et</span> <span class='ocrx_word' id='word_1_315' title='bbox 339 3179 461 3235; x_wconf 89' lang='lat' dir='ltr'>Catulus</span> <span class='ocrx_word' id='word_1_316' title='bbox 479 3181 577 3234; x_wconf 89' lang='lat' dir='ltr'>iunior</span> <span class='ocrx_word' id='word_1_317' title='bbox 596 3181 698 3236; x_wconf 90' lang='lat' dir='ltr'>consul</span> <span class='ocrx_word' id='word_1_318' title='bbox 720 3199 744 3235; x_wconf 89' lang='lat' dir='ltr'>a.</span> <span class='ocrx_word' id='word_1_319' title='bbox 764 3181 816 3233; x_wconf 90' lang='grc'>676</span> <span class='ocrx_word' id='word_1_320' title='bbox 836 3181 872 3235; x_wconf 83' lang='grc'>(11</span> <span class='ocrx_word' id='word_1_321' title='bbox 891 3199 949 3250; x_wconf 90' lang='lat' dir='ltr'>quo</span> <span class='ocrx_word' id='word_1_322' title='bbox 963 3199 991 3238; x_wconf 80' lang='lat' dir='ltr'>v,</span> <span class='ocrx_word' id='word_1_323' title='bbox 1006 3181 1079 3236; x_wconf 92' lang='lat' dir='ltr'>Vell.</span> <span class='ocrx_word' id='word_1_324' title='bbox 1095 3181 1159 3236; x_wconf 92' lang='lat' dir='ltr'>Pat.</span> <span class='ocrx_word' id='word_1_325' title='bbox 1179 3181 1231 3250; x_wconf 86' lang='lat' dir='ltr'>(ll,</span> <span class='ocrx_word' id='word_1_326' title='bbox 1250 3180 1433 3251; x_wconf 69' lang='grc'><strong>4311111101.</strong></span> 
     </span>
     <span class='ocr_line' id='line_1_34' title="bbox 290 3267 1433 3342; baseline 0.002 -22"><span class='ocrx_word' id='word_1_327' title='bbox 290 3267 342 3339; x_wconf 89' lang='lat' dir='ltr'>(II,</span> <span class='ocrx_word' id='word_1_328' title='bbox 363 3270 416 3330; x_wconf 78' lang='lat' dir='ltr'>ill.</span> <span class='ocrx_word' id='word_1_329' title='bbox 436 3300 466 3308; x_wconf 86' lang='lat'>—</span> <span class='ocrx_word' id='word_1_330' title='bbox 489 3267 643 3342; x_wconf 79' lang='lat' dir='ltr'>Antonius]</span> <span class='ocrx_word' id='word_1_331' title='bbox 662 3271 687 3324; x_wconf 92' lang='lat' dir='ltr'>si</span> <span class='ocrx_word' id='word_1_332' title='bbox 707 3269 826 3339; x_wconf 90' lang='lat' dir='ltr'>quidem</span> <span class='ocrx_word' id='word_1_333' title='bbox 846 3272 871 3323; x_wconf 89' lang='lat' dir='ltr'>is</span> <span class='ocrx_word' id='word_1_334' title='bbox 890 3269 948 3323; x_wconf 84' lang='lat' dir='ltr'>fuit</span> <span class='ocrx_word' id='word_1_335' title='bbox 961 3270 1000 3323; x_wconf 83' lang='lat' dir='ltr'>M.</span> <span class='ocrx_word' id='word_1_336' title='bbox 1020 3272 1171 3325; x_wconf 90' lang='lat' dir='ltr'>Antonius</span> <span class='ocrx_word' id='word_1_337' title='bbox 1190 3276 1300 3337; x_wconf 90' lang='lat' dir='ltr'>orator,</span> <span class='ocrx_word' id='word_1_338' title='bbox 1316 3287 1349 3324; x_wconf 89' lang='lat' dir='ltr'>co</span> <span class='ocrx_word' id='word_1_339' title='bbox 1362 3276 1433 3323; x_wconf 87' lang='lat' dir='ltr'>tem·</span> 
     </span>
     <span class='ocr_line' id='line_1_35' title="bbox 279 3358 1434 3430; baseline -0.001 -18"><span class='ocrx_word' id='word_1_340' title='bbox 279 3366 360 3429; x_wconf 73' lang='lat' dir='ltr'>&#39;pore</span> <span class='ocrx_word' id='word_1_341' title='bbox 379 3358 447 3413; x_wconf 89' lang='lat' dir='ltr'>LVI</span> <span class='ocrx_word' id='word_1_342' title='bbox 466 3377 560 3414; x_wconf 90' lang='lat' dir='ltr'>annos</span> <span class='ocrx_word' id='word_1_343' title='bbox 579 3360 769 3427; x_wconf 81' lang='lat' dir='ltr'>numerabat3</span> <span class='ocrx_word' id='word_1_344' title='bbox 788 3374 878 3413; x_wconf 73' lang='lat' dir='ltr'>seneca</span> <span class='ocrx_word' id='word_1_345' title='bbox 899 3360 1002 3430; x_wconf 87' lang='lat' dir='ltr'>igitur,</span> <span class='ocrx_word' id='word_1_346' title='bbox 1023 3365 1056 3413; x_wconf 93' lang='lat' dir='ltr'>ut</span> <span class='ocrx_word' id='word_1_347' title='bbox 1074 3362 1104 3413; x_wconf 92' lang='lat' dir='ltr'>in</span> <span class='ocrx_word' id='word_1_348' title='bbox 1119 3359 1218 3414; x_wconf 90' lang='lat' dir='ltr'>codice</span> <span class='ocrx_word' id='word_1_349' title='bbox 1233 3360 1370 3430; x_wconf 85' lang='lat' dir='ltr'>legimus,</span> <span class='ocrx_word' id='word_1_350' title='bbox 1382 3360 1434 3414; x_wconf 78' lang='lat' dir='ltr'>vix</span> 
     </span>
     <span class='ocr_line' id='line_1_36' title="bbox 291 3448 1432 3522; baseline -0.001 -20"><span class='ocrx_word' id='word_1_351' title='bbox 291 3448 434 3519; x_wconf 86' lang='lat' dir='ltr'>appellari</span> <span class='ocrx_word' id='word_1_352' title='bbox 451 3454 578 3519; x_wconf 88' lang='lat' dir='ltr'>poterat.</span> <span class='ocrx_word' id='word_1_353' title='bbox 599 3480 632 3490; x_wconf 90' lang='grc'><strong>-</strong></span> <span class='ocrx_word' id='word_1_354' title='bbox 651 3452 730 3504; x_wconf 83' lang='lat' dir='ltr'>Bella</span> <span class='ocrx_word' id='word_1_355' title='bbox 748 3451 826 3519; x_wconf 82' lang='lat' dir='ltr'>quod</span> <span class='ocrx_word' id='word_1_356' title='bbox 844 3448 864 3503; x_wconf 69' lang='grc' dir='ltr'>ι’.</span> <span class='ocrx_word' id='word_1_357' title='bbox 886 3452 921 3504; x_wconf 92' lang='grc' dir='ltr'>Ρ.</span> <span class='ocrx_word' id='word_1_358' title='bbox 941 3448 1002 3522; x_wconf 77' lang='lat' dir='ltr'>cta]</span> <span class='ocrx_word' id='word_1_359' title='bbox 1030 3449 1118 3503; x_wconf 90' lang='lat' dir='ltr'>Hanc</span> <span class='ocrx_word' id='word_1_360' title='bbox 1137 3449 1325 3503; x_wconf 88' lang='lat' dir='ltr'>historiolam</span> <span class='ocrx_word' id='word_1_361' title='bbox 1345 3466 1432 3518; x_wconf 90' lang='lat' dir='ltr'>quam</span> 
     </span>
     <span class='ocr_line' id='line_1_37' title="bbox 290 3530 1431 3609; baseline -0.002 -16"><span class='ocrx_word' id='word_1_362' title='bbox 290 3540 404 3609; x_wconf 90' lang='lat' dir='ltr'>primus</span> <span class='ocrx_word' id='word_1_363' title='bbox 420 3537 544 3593; x_wconf 90' lang='lat' dir='ltr'>Sisenna</span> <span class='ocrx_word' id='word_1_364' title='bbox 562 3540 737 3593; x_wconf 71' lang='lat' dir='ltr'>narravisse·</span> <span class='ocrx_word' id='word_1_365' title='bbox 762 3537 883 3593; x_wconf 84' lang='lat' dir='ltr'>videtur</span> <span class='ocrx_word' id='word_1_366' title='bbox 910 3538 990 3609; x_wconf 79' lang='lat' dir='ltr'>(Tac.</span> <span class='ocrx_word' id='word_1_367' title='bbox 1018 3539 1095 3594; x_wconf 81' lang='lat' dir='ltr'>Hist.</span> <span class='ocrx_word' id='word_1_368' title='bbox 1125 3530 1181 3605; x_wconf 83' lang='lat'>111,</span> <span class='ocrx_word' id='word_1_369' title='bbox 1210 3540 1256 3609; x_wconf 84' lang='lat'>51)</span> <span class='ocrx_word' id='word_1_370' title='bbox 1286 3538 1431 3609; x_wconf 90' lang='lat' dir='ltr'>praebent</span> 
     </span>
     <span class='ocr_line' id='line_1_38' title="bbox 290 3626 1432 3696; baseline 0 -15"><span class='ocrx_word' id='word_1_371' title='bbox 290 3628 393 3683; x_wconf 90' lang='lat' dir='ltr'>iisdem</span> <span class='ocrx_word' id='word_1_372' title='bbox 413 3627 475 3682; x_wconf 81' lang='lat' dir='ltr'>iere</span> <span class='ocrx_word' id='word_1_373' title='bbox 494 3627 594 3682; x_wconf 88' lang='lat' dir='ltr'>verbis</span> <span class='ocrx_word' id='word_1_374' title='bbox 613 3628 679 3681; x_wconf 89' lang='lat' dir='ltr'>Liv.</span> <span class='ocrx_word' id='word_1_375' title='bbox 700 3630 763 3682; x_wconf 84' lang='lat' dir='ltr'>Per.</span> <span class='ocrx_word' id='word_1_376' title='bbox 784 3628 826 3695; x_wconf 87' lang='grc'>79,</span> <span class='ocrx_word' id='word_1_377' title='bbox 847 3626 928 3683; x_wconf 87' lang='lat' dir='ltr'>Oros.</span> <span class='ocrx_word' id='word_1_378' title='bbox 949 3628 982 3695; x_wconf 84' lang='lat' dir='ltr'>V,</span> <span class='ocrx_word' id='word_1_379' title='bbox 1002 3628 1045 3696; x_wconf 84' lang='grc'>19,</span> <span class='ocrx_word' id='word_1_380' title='bbox 1066 3628 1339 3696; x_wconf 64' lang='grc'><strong>1111111161.</strong></span> <span class='ocrx_word' id='word_1_381' title='bbox 1359 3645 1387 3696; x_wconf 90' lang='lat' dir='ltr'>v,</span> <span class='ocrx_word' id='word_1_382' title='bbox 1407 3628 1432 3695; x_wconf 88' lang='grc'>5,</span> 
     </span>
     <span class='ocr_line' id='line_1_39' title="bbox 289 3716 1432 3790; baseline 0.002 -20"><span class='ocrx_word' id='word_1_383' title='bbox 289 3717 314 3785; x_wconf 91' lang='grc'>4,</span> <span class='ocrx_word' id='word_1_384' title='bbox 333 3719 460 3788; x_wconf 86' lang='lat' dir='ltr'>August.</span> <span class='ocrx_word' id='word_1_385' title='bbox 479 3719 514 3772; x_wconf 83' lang='lat' dir='ltr'>de</span> <span class='ocrx_word' id='word_1_386' title='bbox 527 3716 603 3773; x_wconf 79' lang='lat' dir='ltr'>civit.</span> <span class='ocrx_word' id='word_1_387' title='bbox 622 3717 670 3773; x_wconf 85' lang='lat' dir='ltr'>dei</span> <span class='ocrx_word' id='word_1_388' title='bbox 686 3717 726 3787; x_wconf 91' lang='lat' dir='ltr'>II,</span> <span class='ocrx_word' id='word_1_389' title='bbox 745 3718 789 3787; x_wconf 80' lang='lat'>25,</span> <span class='ocrx_word' id='word_1_390' title='bbox 808 3718 834 3771; x_wconf 77' lang='grc' dir='ltr'>ὅ.</span> <span class='ocrx_word' id='word_1_391' title='bbox 846 3749 879 3759; x_wconf 92' lang='grc'>-</span> <span class='ocrx_word' id='word_1_392' title='bbox 893 3717 981 3789; x_wconf 82' lang='lat' dir='ltr'>Bello]</span> <span class='ocrx_word' id='word_1_393' title='bbox 997 3736 1049 3789; x_wconf 87' lang='lat' dir='ltr'>pro</span> <span class='ocrx_word' id='word_1_394' title='bbox 1059 3718 1176 3790; x_wconf 84' lang='lat' dir='ltr'>proelio,</span> <span class='ocrx_word' id='word_1_395' title='bbox 1196 3736 1224 3775; x_wconf 83' lang='lat' dir='ltr'>v.</span> <span class='ocrx_word' id='word_1_396' title='bbox 1244 3718 1309 3774; x_wconf 78' lang='lat' dir='ltr'>Bia.</span> <span class='ocrx_word' id='word_1_397' title='bbox 1329 3718 1362 3773; x_wconf 77' lang='lat' dir='ltr'>a·</span> <span class='ocrx_word' id='word_1_398' title='bbox 1375 3717 1432 3773; x_wconf 81' lang='lat' dir='ltr'>Fit.</span> 
     </span>
     <span class='ocr_line' id='line_1_40' title="bbox 290 3806 877 3878; baseline 0.009 -19"><span class='ocrx_word' id='word_1_399' title='bbox 290 3806 308 3859; x_wconf 95' lang='lat' dir='ltr'>l.</span> <span class='ocrx_word' id='word_1_400' title='bbox 328 3824 366 3859; x_wconf 88' lang='lat' dir='ltr'>m.</span> <span class='ocrx_word' id='word_1_401' title='bbox 386 3824 413 3878; x_wconf 89' lang='lat' dir='ltr'>p.</span> <span class='ocrx_word' id='word_1_402' title='bbox 432 3807 486 3860; x_wconf 76' lang='lat'>274</span> <span class='ocrx_word' id='word_1_403' title='bbox 505 3806 571 3861; x_wconf 88' lang='lat' dir='ltr'>adn.</span> <span class='ocrx_word' id='word_1_404' title='bbox 874 3825 877 3828; x_wconf 77' lang='grc'>’</span> 
     </span>
    </p>
   </div>
   <div class='ocr_carea' id='block_1_3' title="bbox 0 0 1660 5167">
    <p class='ocr_par' dir='ltr' id='par_1_4' title="bbox 0 0 1660 5167">
     <span class='ocr_line' id='line_1_41' title="bbox 0 0 1660 5167; baseline 0 0"><span class='ocrx_word' id='word_1_405' title='bbox 0 0 1660 5167; x_wconf 95' lang='lat' dir='ltr'> </span> 
     </span>
    </p>
   </div>
  </div>
 </body>
</html>
