3309 5167
635 362 823 412 ...Ιχ-

165 513 264 609 quod
291 539 360 609 pro
387 538 518 587 eorum
552 511 714 586 lectione
748 522 849 584 recte
882 509 1168 604 substituerem,
1195 535 1292 605 pun

164 649 233 721 etis
267 647 446 721 lacunam
481 647 623 720 notavi.
660 645 806 735 Quibus
843 645 883 717 in
919 647 1031 718 rebus
1066 670 1292 740 supervaca-

164 810 276 858 neum
304 794 360 857 est
385 783 511 856 dicere
537 808 597 855 me
624 807 813 855 summam
836 806 968 852 euram
1002 779 1292 877 cautionemque

82 956 88 966 ·
164 917 390 992 adhibuisse.
407 916 598 1013 Ceterum,
613 914 875 989 Bonnensium
894 913 1086 1009 lectiones,
1105 940 1182 987 non
1196 915 1293 987 mul-

164 1061 219 1124 tas
245 1077 307 1125 eas
334 1051 489 1148 quidem
524 1077 594 1124 nec
621 1076 770 1147 semper
804 1050 936 1146 magni
971 1049 1166 1144 momenti,
1197 1075 1291 1146 quas

163 1196 267 1285 textu
284 1185 438 1281 exclusi,
458 1185 633 1280 religiose
652 1186 803 1259 servavi
824 1185 865 1257 in
883 1184 1127 1258 adnotatione
1147 1185 1291 1281 critica,

162 1322 227 1394 ubi
253 1347 340 1393 cum
366 1320 562 1394 nonnullis
588 1321 664 1394 mei
690 1321 810 1416 ipsius
838 1318 1078 1412 coniecturis,
1105 1319 1292 1415 quidquid

163 1456 211 1528 ad
244 1455 437 1529 Liciniani
471 1456 651 1553 reliquias
689 1456 947 1528 emendandas
982 1480 1004 1525 a
1043 1454 1164 1526 doctis
1197 1455 1291 1527 viris

163 1590 418 1685 excogitatum
436 1617 480 1664 ac
494 1590 732 1688 propositum
746 1600 813 1685 est,
827 1589 992 1685 diligens
1008 1588 1127 1663 lector
1140 1615 1294 1686 promp-

162 1733 244 1796 tum
269 1734 307 1798 et
333 1735 509 1822 paratum
535 1726 717 1799 inveniet.

235 1857 345 1947 Quod
359 1861 407 1932 ad
421 1860 701 1933 enarrationem
715 1859 853 1933 attinet
866 1886 994 1933 rerum
1008 1860 1180 1956 ipsarum
1194 1885 1290 1956 quae

163 1994 264 2089 apud
290 1993 535 2067 Licinianum
561 1994 752 2090 leguntur,
779 2021 827 2068 ne
854 1995 895 2067 in
920 1994 992 2067 hac
1019 2004 1126 2090 parte
1152 1992 1292 2067 laboris

163 2129 284 2201 nostri
298 2129 529 2203 absolvenda
543 2130 733 2226 longiores
758 2129 875 2203 fuisse
893 2130 1103 2224 videamur,
1122 2130 1295 2202 animad-

164 2264 389 2336 vertendum
423 2272 479 2338 est
512 2264 628 2337 tantis
656 2262 942 2337 difficultatibus
977 2262 1201 2360 plerumque
1231 2288 1294 2336 eas

164 2424 202 2471 se
228 2398 443 2495 implicatas
469 2402 660 2495 praebere,
697 2374 750 2493 ut,
777 2398 853 2471 nisi
888 2399 1173 2472 accuratissime
1209 2397 1295 2470 illu-

166 2541 344 2627 strentur,
362 2532 428 2604 vix
445 2532 616 2628 intellegi
635 2532 791 2629 possint.
822 2531 903 2605 Nec
925 2533 1086 2605 mirum:
1114 2559 1204 2605 nam
1222 2532 1293 2604 hae

163 2665 407 2741 Licinianeae
432 2666 615 2764 reliquiae
636 2713 685 2720 -
710 2692 805 2764 quae
832 2665 1042 2763 particulae
1068 2677 1157 2739 sunt
1175 2667 1294 2763 epito-

162 2828 242 2874 mes
269 2802 467 2901 euiusdam
492 2801 694 2874 historicae
720 2811 891 2874 extrema
925 2804 983 2895 (ut
1018 2827 1103 2874 mea
1139 2801 1293 2897 quidem

163 2936 351 3009 sententia
384 2938 454 3030 est)
490 2934 749 3008 Romanarum
779 2932 995 3007 litterarum
1026 2944 1147 3008 aetate
1173 2935 1294 3006 maxi-

163 3097 266 3143 mam
301 3081 448 3165 partcm
474 3096 520 3144 ex
553 3068 767 3142 Annalibus
794 3068 898 3141 Livii
933 3069 1116 3142 conflatae
1143 3094 1294 3140 —non

164 3204 287 3278 solum
313 3204 528 3301 corruptela
553 3203 695 3278 codicis
721 3215 778 3278 ter
804 3205 937 3301 scripti
964 3205 1065 3277 unde
1092 3230 1154 3277 eas
1180 3203 1294 3277 habe-

163 3366 260 3434 mus,
287 3340 511 3434 gravissime
537 3339 723 3435 laborant,
749 3341 815 3414 sed
842 3341 957 3414 etiam
984 3338 1202 3413 incredibili
1228 3366 1294 3412 ne-

164 3473 356 3570 glegentia
382 3484 419 3546 et
444 3473 636 3570 imperitia
662 3474 858 3571 scriptoris
877 3475 1008 3570 ipsius,
1032 3474 1097 3571 qui
1117 3485 1182 3546 aut
1199 3482 1293 3546 tem-

165 3632 259 3704 pora
284 3606 497 3701 confundit,
524 3616 590 3680 ant
615 3606 716 3679 facta
734 3607 961 3704 transponit,
985 3616 1050 3679 aut
1068 3617 1146 3679 tam
1164 3606 1294 3702 inepta

164 3742 350 3815 brevitate
377 3750 570 3814 auctorem
588 3766 699 3814 suum
722 3739 923 3834 contrahit,
943 3749 985 3812 ut
1003 3766 1113 3836 saepe
1133 3741 1293 3812 obscura

164 3876 291 3973 potius
310 3901 444 3949 canere
463 3900 577 3971 quam
594 3873 794 3947 historiam
813 3900 969 3946 narrare
988 3873 1174 3947 videatur.
1202 3871 1294 3961 Qui-

165 4013 237 4084 bus
263 4009 367 4082 vitiis
394 4035 436 4082 eo
463 4007 584 4103 magis
611 4007 816 4081 dolendum
851 4016 917 4101 est,
952 4007 1053 4104 quod
1087 4006 1157 4079 hae
1192 4005 1294 4078 Lici-

164 4145 273 4218 niani
292 4142 472 4239 reliquiae
498 4188 547 4196 —
573 4142 604 4216 si
631 4140 773 4215 librum
792 4140 927 4215 XXVI
951 4140 1129 4237 excipias,
1156 4142 1202 4213 de
1220 4165 1294 4237 quo

164 4278 264 4352 nihil
290 4278 384 4353 certi
415 4276 596 4350 affirmari
629 4286 752 4373 potest
785 4323 834 4330 -
866 4303 925 4350 res
952 4285 1076 4372 gestas
1110 4278 1158 4348 ab
1190 4300 1225 4347 n.
1261 4301 1292 4346 c.

167 4416 328 4488 591-676
355 4412 670 4510 complectuntur,
697 4422 809 4509 atque
828 4411 883 4484 ita
900 4411 978 4485 fere
997 4410 1085 4484 inde
1104 4409 1295 4507 incipiunt
