3309 5167
823 289 986 362 ..¹24-

327 417 434 493 seruat,
453 425 497 480 ita
515 428 550 479 ut
569 422 691 478 Mallius
713 422 879 489 sinistram,
897 418 1006 492 Caepio
1030 424 1133 475 autem
1153 415 1292 475 dextram
1311 416 1408 489 ripam
1426 416 1481 471 flu-

331 515 422 570 minis
440 517 567 569 teneret.
587 516 614 568 et
642 529 709 569 mem
727 512 820 588 Rbod.
836 508 1002 582 trar'ecr'seet]
1014 510 1034 564 i.
1046 526 1071 567 e.
1085 508 1193 580 Caepio
1202 508 1242 581 (v.
1255 507 1299 579 s),
1315 507 1367 579 qui
1385 506 1481 578 primo

331 607 533 671 recusaverat,
552 607 654 658 tamen
673 602 705 656 in
725 602 881 657 sinistram
900 601 996 671 ripam
1015 603 1226 670 transgressus
1245 601 1312 653 erat
1325 595 1373 669 (ci
1392 595 1478 651 Dion.

331 693 350 747 1.
370 711 409 748 m.
429 695 475 747 καὶ
495 691 567 767 ἦλθε
587 697 631 765 μὲν
650 695 713 766 πρὸς
733 690 821 763 αὐτὸν)
848 694 939 760 atque
968 694 1069 745 castra
1095 690 1177 744 inter
1194 686 1332 743 Mallium
1351 690 1383 742 et
1407 687 1479 742 Cim·

331 782 402 838 bros
422 788 575 854 posuerat,
594 788 630 837 ut
649 783 730 854 prior
749 780 786 836 ab
805 780 943 836 hostibus
961 769 1124 852 peteretur.
1143 810 1177 823 -

387 872 420 927 Β.
439 890 476 929 rte
499 871 714 930 communicare
730 870 850 943 quidem
877 902 910 912 —
937 867 1078 942 irreperet]
1096 886 1125 925 v.
1144 867 1243 924 locum
1267 866 1373 923 Dionis
1390 883 1477 937 quem

330 980 422 1035 supra
440 962 607 1018 attulimus.
628 992 663 1002 -—
681 963 788 1033 lepotos
806 977 834 1032 q.
852 977 876 1016 a.
894 957 1021 1033 miserat]
1049 957 1086 1013 de
1109 958 1269 1030 legatione,
1289 974 1378 1029 quam
1397 956 1478 1012 solus

331 1052 505 1109 Licinianus
523 1058 678 1120 memorat,
693 1054 785 1109 missa
804 1071 822 1107 a
840 1056 948 1108 senatu
962 1056 996 1106 ut
1009 1049 1200 1106 concordiam
1213 1051 1294 1105 inter
1308 1048 1399 1103 duces
1412 1064 1479 1102 con·

332 1142 457 1211 ciliaret,
487 1141 606 1197 dubitat
634 1141 761 1197 Franck.
779 1141 812 1212 (l.
835 1158 873 1197 m.
896 1159 924 1212 p.
945 1141 1024 1213 255);
1048 1139 1251 1194 Mommsenus
1274 1141 1381 1192 contra
1402 1136 1478 1190 hanc

330 1230 479 1286 Liciniani
494 1232 698 1286 narrationem
711 1248 815 1304 repam
834 1231 998 1298 existimat,
1015 1234 1106 1300 atque
1125 1228 1320 1284 Neumannus
1333 1228 1363 1297 (a
1377 1225 1477 1281 Dieck·

331 1337 442 1376 manno
461 1321 539 1375 laud.
559 1339 586 1392 p.
612 1321 649 1376 30
666 1321 698 1375 in
717 1320 799 1392 adh.)
821 1320 958 1376 idoneam
978 1336 1044 1374 eam
1071 1317 1185 1373 iudicat
1206 1315 1244 1372 ad
1265 1314 1478 1371 illustrandum

332 1427 421 1483 quam
439 1409 536 1467 debile
558 1416 589 1466 et
612 1409 765 1466 infirmum
779 1403 855 1465 ⁴tum
872 1409 966 1466 fuerit
984 1410 1142 1481 imperium
1161 1410 1294 1463 senatus.
1312 1405 1387 1461 Cum
1407 1422 1478 1460 vero

332 1501 440 1573 Caepio
457 1502 489 1556 in
512 1502 668 1557 sinistram
692 1502 789 1571 ripam
804 1499 944 1555 Rhodani
962 1504 1172 1570 transgressus
1190 1501 1279 1565 esset,
1298 1500 1404 1551 narrat
1422 1494 1478 1549 Dio

332 1589 422 1646 duces
435 1608 453 1645 a
472 1589 618 1646 militibus
637 1595 756 1646 coactos
775 1607 842 1646 esse
861 1590 898 1644 ad
918 1589 1098 1660 colloquium
1110 1588 1280 1653 convenire,
1292 1584 1344 1642 sed
1363 1586 1477 1640 acriore

332 1679 378 1733 ira
392 1678 593 1735 inflammatos
606 1678 787 1735 discessisse.
802 1710 836 1721 -
850 1679 1026 1745 auscultare}
1040 1695 1068 1733 v.
1080 1677 1100 1732 l.
1110 1695 1150 1732 m.
1160 1678 1191 1732 in
1201 1676 1267 1734 Ilio.
1276 1676 1311 1731 di
1319 1675 1376 1731 Fit.
1387 1692 1414 1747 p.
1424 1674 1478 1729 274

333 1767 402 1824 adn.
415 1800 449 1809 -
468 1768 650 1826 Cimbrorum
660 1768 774 1840 memor]
785 1767 949 1825 secundum
959 1766 1086 1823 Dionem
1098 1767 1218 1836 Cimbri,
1228 1766 1336 1837 quibus
1345 1765 1477 1823 nondum

333 1863 399 1914 erat
409 1862 481 1912 nota
493 1857 589 1912 Mallii
600 1863 632 1912 et
644 1858 801 1930 Caepionis
813 1856 970 1926 discordia,
983 1856 1157 1929 ingentibus
1169 1857 1262 1928 copiis
1275 1856 1478 1912 Romanorum
1572 1875 1574 1878 ·

318 1948 506 2018 perspectis,
536 1947 609 2002 adeo
637 1949 791 2019 perterriti
811 1952 893 2017 sunt,
920 1953 955 2001 ut
975 1946 1092 2019 legatos
1117 1946 1153 2003 de
1172 1963 1244 2018 pace
1263 1945 1300 2001 ad
1325 1947 1477 2002 consulem

333 2034 469 2090 Mallium
484 2036 656 2105 mitterent;
676 2053 742 2090 cum
757 2053 828 2092 vero
843 2036 951 2107 Caepio
963 2036 993 2090 id
1007 2053 1096 2107 aegre
1109 2036 1212 2105 ferret,
1227 2033 1264 2092 ad
1278 2053 1346 2091 euru
1362 2053 1478 2107 quoque

332 2124 449 2194 legatos
468 2126 615 2180 miseruut
629 2125 722 2197 (recte
735 2132 838 2208 censet
850 2126 982 2181 Dieokm.
996 2127 1094 2181 locum
1108 2127 1212 2182 Dionis
1225 2127 1399 2181 mutilatum
1411 2142 1477 2181 esse

334 2218 401 2286 post
420 2215 622 2287 ἐπρεσβεύσαντο,
641 2222 732 2288 atque
760 2216 800 2271 ibi
828 2211 998 2289 legendum*⁴
1008 2234 1074 2273 esse
1102 2218 1260 2291 πρεσβευτῶν
1288 2217 1316 2271 δὲ
1343 2220 1389 2272 καὶ
1416 2222 1478 2290 πρὸς

334 2304 412 2358 adria
429 2305 617 2377 ἀφικομένων)
636 2309 749 2360 temere
763 2307 859 2377 igitur
873 2305 1076 2362 Mommsenus
1090 2307 1121 2377 (1.
1133 2325 1173 2366 m.
1185 2324 1212 2378 p.
1225 2306 1291 2379 177)
1303 2312 1335 2362 et
1352 2307 1478 2362 Nitzsch

333 2393 426 2465 (Rem.
448 2395 483 2450 C.
501 2393 533 2448 II
546 2412 573 2465 p.
594 2394 657 2467 123)
669 2393 907 2450 adfirmaverunt
918 2393 1095 2467 Caepiones,
1108 2412 1200 2467 quum
1213 2395 1478 2452 animadvertisset

333 2481 468 2537 Mallium
482 2502 549 2539 cum
568 2483 756 2540 Cimbrorum
771 2483 880 2556 legetis
906 2503 1006 2557 agere,
1029 2487 1160 2543 veritum
1185 2501 1222 2541 ne
1248 2485 1299 2542 ille
1318 2486 1400 2542 solus
1418 2485 1477 2557 glo

333 2573 410 2627 riam
438 2572 614 2629 conciliatae
642 2576 724 2646 pacis
748 2576 983 2644 nancisceretur,
1012 2577 1117 2631 statim
1143 2577 1174 2630 in
1200 2576 1303 2632 hostes
1329 2593 1396 2631 cum
1423 2592 1477 2631 suo

334 2663 468 2717 exercitu
487 2663 631 2733 impetum
651 2663 757 2719 fecisse
776 2665 816 2736 (v.
842 2664 974 2719 Dioclem.
999 2683 1026 2738 p.
1040 2665 1096 2736 31).
1122 2696 1155 2706 -
1174 2681 1260 2735 apros
1285 2696 1318 2706 -
1344 2662 1477 2737 emerem]

333 2750 404 2806 Veri
423 2751 609 2806 simillimum
633 2758 679 2808 est
700 2752 843 2819 Cimbros,
872 2755 1009 2824 quamvis
1037 2758 1153 2824 partem
1186 2754 1384 2808 Romanorum
1412 2770 1479 2808 cum

334 2841 444 2897 Scauro
462 2841 628 2913 fugassent,
647 2843 820 2915 ingentibus
840 2845 932 2915 copiis
951 2844 1049 2898 Mallii
1068 2847 1099 2898 et
1120 2844 1276 2915 Caepionis
1291 2846 1476 2916 perterritos

333 2930 453 2987 easdem
471 2932 660 2989 condiciones
679 2935 761 3005 pacis
779 2934 969 3005 proposuisse
988 2951 1062 3003 quas
1081 2951 1160 2989 auno
1182 2935 1235 2989 645
1257 2934 1376 2991 Silanus
1395 2951 1476 2990 recu·

333 3022 471 3091 savisset,
484 3039 580 3093 neque
589 3023 717 3094 amplius
728 3024 928 3095 postulavisse
943 3041 1032 3095 quam
1046 3040 1136 3102 agros
1145 3024 1388 3096 frumentumque
1398 3023 1476 3095 quod
1554 3089 1556 3093 ἱ

334 3117 488 3181 sererent;
507 3129 577 3167 nam
595 3111 669 3168 haec
685 3112 805 3169 demum
824 3118 913 3168 erant
930 3129 1006 3185 quae
1026 3115 1155 3169 maxime
1178 3113 1345 3185 cupiebant.
1369 3114 1476 3185 Itaque

333 3218 393 3256 non
412 3206 494 3256 recte
512 3201 705 3258 Franckenus
730 3204 876 3275 suspicari
900 3202 1021 3258 videtur
1039 3203 1068 3274 (l.
1088 3222 1126 3258 m.
1145 3221 1172 3275 p.
1195 3204 1261 3276 262)
1288 3203 1478 3259 Licinianum

333 3290 383 3345 hic
397 3307 514 3361 quoque
528 3295 664 3363 tempora
676 3291 854 3361 confudisse,
868 3309 936 3347 cum
951 3291 988 3347 ad
1001 3310 1113 3347 annum
1126 3294 1179 3347 649
1192 3293 1273 3364 pacis
1287 3292 1476 3349 condiciones

334 3379 490 3436 retulisset
508 3398 582 3451 quas
601 3380 713 3436 Cimbri
731 3399 810 3437 anno
838 3382 891 3436 645
914 3381 1014 3437 Silano
1035 3384 1270 3454 proposuissent.
1290 3412 1324 3424 -
1343 3384 1477 3440 maxima

275 3517 279 3523 .
330 3485 405 3540 pars
431 3499 462 3512 -
488 3470 579 3525 deleta
606 3469 656 3544 est]
673 3472 692 3525 i.
717 3488 741 3526 e.
765 3470 921 3544 Caepionis
949 3473 1107 3540 exercitus,
1136 3474 1188 3543 qui
1215 3472 1307 3527 etiam
1333 3471 1476 3528 Sallustio

333 3559 409 3630 (lup.
430 3559 501 3630 114),
521 3560 625 3616 Tacito
642 3561 752 3631 (Germ.
769 3559 826 3630 37),
845 3561 959 3617 Velleio
978 3561 1029 3631 (II,
1045 3562 1086 3630 12,
1099 3563 1138 3633 2),
1150 3562 1245 3618 Dione
1259 3562 1290 3635 (l.
1310 3563 1361 3635 m.)
1379 3566 1477 3618 aucto·

334 3648 425 3718 ribus,
444 3647 580 3705 devictus
599 3655 646 3705 est
665 3668 755 3723 prope
775 3652 973 3707 Arausionem
992 3651 1048 3725 (pr.
1070 3652 1172 3709 Nonas
1190 3652 1334 3708 Octobres
1347 3653 1383 3708 cf.
1397 3652 1475 3707 Plut.

334 3741 406 3793 Luc.
425 3739 489 3811 27);
509 3745 622 3808 contra,
642 3740 694 3795 sed
713 3758 878 3813 perperam,
897 3741 1011 3796 cladem
1031 3742 1127 3797 Mallii
1145 3747 1216 3799 aute
1243 3743 1399 3814 Caepionis
1427 3760 1476 3814 po·

336 3831 413 3882 nunt
432 3828 555 3885 Orosius
573 3829 617 3899 (V,
636 3830 679 3897 16,
702 3831 738 3901 1),
757 3831 920 3902 Eutropius
933 3830 979 3901 (V,
995 3830 1031 3903 1),
1045 3830 1153 3888 Florus
1170 3832 1207 3905 (I,
1221 3833 1264 3903 38,
1278 3832 1307 3907 4)
1321 3846 1328 3900 ;
1343 3831 1420 3903 quod
1434 3838 1475 3887 at

336 3917 414 3972 tinet
432 3916 469 3972 ad
488 3918 553 3973 Liv.
574 3935 636 3991 per.
656 3917 691 3973 67
709 3936 737 3975 v.
756 3918 822 3977 siv.
841 3920 876 3976 di
890 3920 930 3991 fil.
952 3919 970 3975 l.
990 3937 1027 3975 m.
1047 3938 1074 3992 p.
1092 3921 1154 3976 282.

775 4154 1034 4183 ...u-4»...-
