3309 5167
831 282 993 342 ..20-

338 415 399 471 eiot
408 432 467 471 nou
477 414 607 485 arreptius
616 412 767 470 somvicum
785 415 917 485 quinque
933 413 1016 476 milia
1031 416 1125 485 potest
1142 413 1316 470 sustinere.»
1332 445 1362 455 -
1375 413 1484 470 indicto

337 502 441 576 pretio)
451 510 534 558 certo
547 502 644 574 pretio
663 520 679 556 a
699 502 829 557 Lentulo
849 504 915 573 ipso
934 503 1107 570 constituto,
1127 520 1186 557 non
1206 520 1258 573 per
1278 502 1486 557 licitationem.

392 594 426 649 B.
444 583 624 665 reciperavit]
641 592 736 647 Recte
755 598 857 647 monet
870 592 1092 647 Dieckmannus
1104 593 1143 664 (p.
1162 593 1209 663 24)
1228 610 1265 647 ex
1284 591 1425 647 Cicerone
1439 594 1487 664 (de

311 742 314 750 ,
339 687 397 755 leqe
410 701 471 753 αρν.
485 682 525 749 ΙΙ,
536 683 579 749 30,
594 682 641 753 82)
656 681 761 753 colligi
771 699 829 736 non
844 699 938 753 posse,
953 688 986 736 ut
1006 688 1094 753 putat
1113 682 1318 738 Mommsenus
1343 682 1373 754 (l.
1394 700 1432 735 m.
1450 685 1482 737 in

340 772 427 843 adn),
438 771 600 826 Lentulum
621 772 652 825 in
671 772 847 827 universum
860 771 935 825 nihil
954 769 1094 838 effecisse,
1109 789 1176 826 cum
1195 788 1381 843 possessores
1394 789 1483 843 agros

341 862 470 918 vendere
480 860 655 915 noluissent.
666 859 753 931 Apud
763 861 937 915 Ciceronem
951 861 1028 915 enim
1040 860 1113 917 haec
1132 866 1250 916 tantum
1265 866 1405 932 leguntur
1417 862 1483 933 (nec

341 951 430 1006 aliter
449 950 509 1020 legi
536 951 688 1020 possunt):
706 949 815 1005 dicitur
833 950 1015 1005 renuntiasse
1042 952 1124 1005 nulla
1143 967 1173 1005 ee
1196 951 1326 1021 pecunia
1352 950 1483 1019 fundum

340 1040 495 1096 cuirtsdam
513 1039 598 1110 (ergo
616 1056 676 1093 non
696 1029 836 1105 emnium,
849 1039 900 1095 sed
914 1040 1004 1095 unius
1016 1039 1172 1095 cuiusdam
1186 1041 1377 1112 possessoris)
1395 1057 1485 1095 emere

336 1128 475 1201 potuisse,
494 1144 615 1199 eumque
634 1128 688 1199 qai
698 1131 783 1183 nollet
795 1130 924 1193 vendere,
940 1129 1004 1184 ideo
1016 1144 1136 1198 neccsse
1148 1135 1204 1186 etc.
1219 1160 1251 1171 —-
1264 1129 1393 1198 formam
1406 1147 1484 1201 apro·

341 1236 408 1274 rum
420 1217 452 1273 in
465 1234 516 1272 aea
529 1216 662 1289 incisam)
678 1216 821 1271 Tabulam
837 1219 867 1272 in
881 1235 932 1272 aes
947 1219 1080 1285 incisam,
1095 1217 1320 1289 discriptionem
1333 1236 1484 1290 agrorum,

341 1308 462 1361 nomina
481 1322 684 1376 possessorum
698 1307 812 1376 etquid
833 1307 957 1377 quisque
971 1307 1132 1377 quotannis
1146 1307 1263 1362 solvere
1277 1306 1399 1362 deberet
1413 1325 1485 1362 con-

342 1397 498 1452 tinentem.
510 1394 554 1450 De
563 1394 619 1450 hac
630 1393 733 1449 tabula
744 1395 826 1450 solus
839 1395 1019 1450 Licinianus
1028 1427 1062 1437 -
1072 1396 1112 1451 ad
1121 1395 1287 1469 Libertatis]
1297 1398 1315 1452 i.
1326 1414 1351 1453 e.
1361 1398 1482 1466 atrium

341 1502 410 1552 non,
430 1500 510 1553 ergo,
529 1486 666 1554 templum
686 1482 852 1538 Libertatis
871 1485 901 1538 iu
922 1489 1023 1538 monte
1045 1485 1199 1539 Aventino
1223 1503 1241 1539 a
1261 1485 1293 1538 Τ.
1312 1484 1485 1557 Sempronio

342 1574 478 1629 Graccho
497 1576 589 1644 (cons
609 1573 682 1644 516),
711 1579 795 1643 patre
821 1575 886 1628 eius
905 1575 955 1644 qui
984 1573 1062 1644 apud
1080 1574 1288 1630 Beneventum
1306 1575 1486 1631 Hannonem

342 1666 425 1732 vicit,
444 1664 605 1730 eonditum,
625 1662 677 1718 sed
695 1661 805 1719 uirium
816 1663 989 1732 Libertatis
1003 1664 1081 1734 quod
1094 1665 1225 1735 amplum
1239 1664 1406 1720 aedificium
1420 1672 1486 1721 erat

343 1754 510 1826 profanum,
528 1754 621 1809 variis
641 1752 744 1809 usibus
763 1753 888 1824 publicis
907 1755 1100 1823 destinatum,
1123 1754 1174 1809 ubi
1203 1755 1286 1825 leges
1311 1755 1486 1827 plerumque

344 1843 507 1915 parietibus
517 1841 687 1912 figebantur
697 1843 737 1913 (v.
751 1842 904 1900 Wissowa
917 1844 948 1897 in
961 1843 1033 1897 Lex.
1047 1843 1204 1899 Roscherii
1217 1862 1244 1915 p.
1256 1841 1324 1899 2031
1340 1850 1371 1899 et
1385 1847 1487 1918 seqq.)

347 1962 378 1974 -
397 1949 485 2003 quam
503 1949 534 2002 p.
553 1933 584 1989 S.
604 1930 742 2005 corrupit]
761 1930 829 1986 Sive
856 1949 1042 2002 possessores
1069 1932 1185 1988 nobiles
1212 1932 1365 1993 Romanos
1387 1953 1488 1989 annuo

343 2021 458 2076 tributo
477 2020 578 2077 levare
597 2022 728 2091 cupiens
747 2023 812 2077 sive
832 2021 910 2092 quod
929 2038 978 2077 res
998 2022 1115 2093 publica
1133 2022 1211 2077 bello
1234 2023 1336 2078 sociali
1358 2026 1402 2078 ita
1421 2030 1488 2079 erat

344 2116 469 2176 mutata,
489 2116 523 2164 ut
542 2110 644 2166 nullus
661 2111 722 2165 iam
741 2112 882 2181 antiquae
910 2110 1030 2165 tabulae
1053 2129 1125 2167 usus
1145 2118 1234 2167 esset.
1256 2112 1489 2187 --dotem1tam

344 2202 453 2271 exigua
471 2199 541 2254 dote
560 2198 639 2256 filiae
651 2190 730 2254 ¹data
749 2199 919 2255 ostenditur
933 2206 1045 2271 quanta
1067 2202 1245 2271 integritate
1257 2208 1288 2258 et
1303 2205 1489 2258 continentia

343 2288 492 2344 Lentulus
510 2288 602 2343 fuerit
621 2290 652 2343 iu
672 2289 797 2360 pecunia
816 2288 934 2360 publica
952 2288 1199 2345 administranda.
1212 2324 1247 2332 --
1266 2291 1381 2366 Veram]
1399 2291 1489 2347 Redit

345 2379 519 2433 Licinianus
538 2377 575 2431 ad
594 2395 643 2433 res
661 2377 809 2448 SyrIacas,
828 2378 872 2432 ita
891 2384 926 2432 ut
945 2380 1045 2433 omnia
1064 2381 1185 2449 quaein
1205 2380 1281 2435 libro
1295 2380 1333 2435 ab
1346 2380 1489 2435 Antiochi

346 2468 509 2539 Epiphania
529 2472 625 2521 morte
643 2466 790 2523 hactenus
802 2472 975 2535 narrantur,
991 2469 1105 2523 inserta
1119 2485 1184 2524 esse
1198 2469 1359 2536 videantur
1369 2469 1406 2524 ad
1417 2488 1488 2525 con-

346 2558 529 2612 secutionem
542 2557 685 2627 temporis
699 2556 879 2612 servandam
889 2557 939 2628 (cf.
952 2556 1117 2612 Francken.
1129 2558 1148 2612 l.
1163 2577 1230 2630 m.p.
1240 2560 1350 2629 240).-
1362 2559 1424 2631 filio
1433 2560 1489 2614 An·

347 2643 583 2718 conciepuere]
598 2644 740 2700 Antiochi
759 2645 924 2717 Epiphanis
943 2645 1031 2714 filius,
1051 2648 1101 2717 qui
1121 2664 1194 2718 puer
1213 2654 1328 2720 septem
1343 2666 1490 2703 annorum

347 2741 413 2790 erat
432 2753 499 2790 cum
518 2740 603 2806 pater
616 2739 753 2790 mortuus
766 2740 821 2795 est.
844 2767 873 2777 —
901 2738 992 2806 pact>
1001 2739 1070 2807 post
1082 2737 1135 2790 aba.
1148 2736 1321 2811 appellatus]
1341 2736 1489 2792 Antiocho

342 2827 435 2896 paulo
444 2829 518 2896 post,
528 2840 589 2878 non
598 2823 698 2879 statim
709 2830 777 2895 post
788 2825 884 2894 patris
896 2832 1032 2893 mortem,
1042 2824 1098 2879 hoc
1109 2841 1273 2896 cognomen
1284 2825 1413 2880 inditum
1425 2842 1490 2880 esse

347 2921 471 2985 apparet
489 2915 538 2987 (cf.
557 2914 707 2970 Gavedoni
726 2913 744 2967 l.
764 2914 815 2986 m.)
834 2915 976 2969 etiamen
995 2916 1133 2982 nummis,
1148 2932 1273 2986 quorum
1288 2916 1318 2969 in
1333 2915 1491 2986 plerisque,

347 3005 399 3061 sed
418 3007 527 3060 nonin
558 3004 704 3073 omnibus,
723 3005 883 3060 Antiochus
916 3004 1035 3077 εὐπάτωρ
1062 3010 1116 3060 est.
1132 3035 1165 3046 -
1191 3004 1349 3079 Demetrio]
1376 3005 1491 3061 Seleuci

348 3095 548 3165 Philopatoris
567 3094 646 3150 filius
665 3095 706 3165 (v.
725 3094 793 3148 adn.
812 3111 839 3164 p.
860 3094 905 3165 10)
924 3112 941 3148 a
961 3099 1048 3166 patre
1068 3094 1195 3149 Romam
1215 3095 1302 3150 obses
1317 3095 1427 3151 missus
1446 3100 1493 3150 est

348 3186 378 3238 in
392 3184 489 3238 locum
501 3183 642 3238 Antiochi
655 3183 767 3250 fratris,
781 3184 833 3253 qui
847 3186 1023 3254 cognomine
1038 3182 1202 3254 Epiphania
1216 3189 1320 3254 postea
1338 3185 1487 3256 regnavit3

347 3275 449 3343 itaque
468 3273 563 3327 frater
582 3278 648 3327 erat
667 3272 812 3343 patruelis
833 3274 897 3328 eius
916 3274 999 3342 pueri
1019 3273 1068 3326 cui
1094 3271 1198 3343 Syriae
1218 3290 1344 3343 reguum
1369 3279 1492 3328 senatus

348 3364 504 3421 concessit.
523 3394 557 3403 -
575 3363 622 3418 elle
639 3364 842 3433 septemium
861 3366 896 3418 R.
915 3360 1035 3435 venisse]
1056 3379 1135 3416 anno
1154 3362 1206 3416 579
1222 3361 1368 3417 decimum
1383 3363 1493 3417 aetatis

349 3471 461 3509 anuum
481 3470 582 3524 agens,
601 3453 620 3509 i.
631 3470 654 3507 e.
675 3470 753 3507 anno
766 3458 838 3507 ante
857 3458 986 3506 mortem
1002 3453 1104 3526 patris
1115 3451 1165 3524 (cf.
1185 3451 1282 3523 Pauly
1300 3455 1436 3508 Realeulr.
1451 3451 1492 3521 ΙΙ,

349 3544 422 3614 932).
442 3574 474 3584 -
494 3545 534 3598 ad
552 3559 646 3597 annes
665 3541 780 3615 XXIV]
806 3543 825 3601 i.
851 3559 876 3596 e.
895 3546 1039 3613 quattuor
1068 3546 1098 3596 et
1117 3542 1228 3613 viginti
1256 3559 1350 3597 annos
1378 3547 1492 3609 natum,

350 3632 474 3703 Polybio
493 3632 620 3704 (XXXI.
643 3633 688 3705 12)
707 3638 737 3688 et
757 3633 893 3704 Appiano
911 3631 1093 3687 auctoribus
1113 3663 1146 3672 -
1165 3649 1232 3686 cuci
1245 3630 1368 3705 haberet]
1386 3632 1492 3687 Verisi-

351 3722 420 3777 mile
440 3726 486 3777 est
504 3721 701 3789 Licinianum,
715 3720 817 3777 endem
832 3721 915 3775 fonte
935 3738 1021 3776 usum
1040 3720 1157 3793 (Polyb.
1173 3720 1193 3775 l.
1210 3738 1249 3775 m.
1268 3739 1305 3775 ex
1320 3739 1378 3792 quo
1390 3727 1493 3777 tamen

351 3809 464 3866 directe
482 3828 541 3865 non
560 3810 671 3880 haurit,
690 3829 718 3866 v.
738 3810 812 3882 disp.
833 3829 861 3866 n.
884 3812 914 3865 in
933 3810 1001 3867 Riv.
1021 3810 1054 3866 di
1070 3811 1111 3882 fil.
1131 3828 1217 3865 mem.
1237 3828 1264 3881 p.
1282 3812 1334 3865 281
1350 3817 1381 3866 et
1400 3811 1493 3883 seqq.)

350 3898 387 3953 ad
406 3898 497 3954 finem
508 3899 665 3954 historiam
685 3899 844 3955 deduxisse
857 3900 946 3954 huius
959 3899 1111 3954 fraternae
1123 3900 1332 3969 contentionis,
1343 3918 1418 3972 quae
1438 3918 1491 3971 po-

351 3988 420 4060 pulo
439 3988 574 4043 Romano
593 3988 672 4043 haud
692 4006 784 4060 parvo
802 3988 940 4044 dedecori
960 3989 1028 4044 fuit.

771 4177 1071 4219 -00<>o‹>·-
