3309 5167
826 292 986 353 ..ee-2

336 438 481 476 censemus
497 439 563 475 cum
580 424 754 475 Franckenio
770 428 805 488 (o.
822 441 859 475 m.
875 441 901 489 p.
916 426 981 488 250),
999 425 1048 489 qui
1065 423 1195 489 proponit
1211 424 1348 490 XLM1n3
1368 423 1417 475 sed
1433 441 1482 476 nu·

332 520 427 556 merus
443 503 501 569 XL,
518 504 779 569 queminvenimus
795 504 871 570 apud
888 506 950 557 Liv.
962 506 1025 557 Per.
1036 505 1067 554 67
1082 511 1124 556 est
1140 505 1271 556 calonum
1284 505 1481 557 tantummodo
1494 560 1496 563 ,

332 590 361 636 et
384 585 509 637 lixarum
532 586 755 648 interfectorum,
780 601 846 637 cum
863 585 1027 638 Licinianus
1046 584 1123 637 dicat
1139 586 1249 636 militum
1263 586 1433 649 calonumque.
1450 615 1480 626 —

330 667 439 717 consules
453 673 477 716 et
492 668 583 729 equites
598 667 745 719 Romani..
760 703 766 718 .
782 667 807 732 .]
824 666 957 731 Dieokm„
975 672 1009 719 ut
1024 667 1128 720 lacuna
1152 666 1324 732 suppleatur,
1350 667 1480 733 proponit

332 764 363 798 ee
374 748 479 811 praelio
495 749 643 812 cffuperant.
661 772 690 784 -
720 755 729 782 -’

314 1031 317 1040 ’
389 1032 423 1089 Α.
442 1030 509 1086 Hac
527 1031 665 1088 columna
684 1049 732 1088 res
751 1037 854 1104 gestas
873 1032 951 1105 apud
979 1033 1176 1089 Arausionam
1200 1031 1304 1104 procul
1323 1030 1413 1087 dubio
1432 1030 1477 1086 Li·

335 1121 472 1194 cinianus
490 1138 638 1193 exponere
657 1122 808 1193 pergebat,
829 1126 920 1192 atque
939 1123 1061 1177 tertiam
1081 1120 1196 1176 cladem
1214 1138 1232 1175 a
1250 1120 1404 1190 Romanis,
1419 1120 1477 1190 qui·

336 1208 391 1264 bus
410 1209 531 1265 Mallius
551 1220 698 1281 praeerat,
718 1214 872 1282 acceptam
891 1209 1043 1267 narrabat.

388 1299 421 1352 B.
443 1299 548 1354 Paucis
566 1299 704 1355 versibus
731 1299 822 1355 huius
852 1300 1007 1355 columnae
1035 1301 1086 1371 qui
1114 1304 1277 1372 supersunt
1293 1299 1477 1378 Licinianus

336 1390 433 1460 egisse
452 1387 573 1444 videtur
592 1388 628 1444 de
647 1391 797 1445 exercitus
819 1390 955 1460 reliquiis
978 1407 1013 1445 ac
1034 1407 1193 1445 numerum
1214 1390 1354 1445 attulisse
1372 1389 1477 1444 Roma·

335 1496 442 1532 norum
462 1480 511 1549 qui
531 1481 562 1533 in
581 1479 692 1551 triplici
712 1479 790 1550 apud
809 1481 1008 1535 Arausionem
1027 1480 1140 1552 proelio
1163 1482 1328 1551 perierunt.
1345 1511 1381 1522 -
1408 1480 1478 1549 quot

335 1568 448 1639 reliqua
468 1599 499 1610 -
519 1570 559 1624 od
578 1568 616 1643 X]
635 1569 682 1624 Ex
699 1570 823 1624 immani
842 1568 926 1625 clade
945 1570 1060 1641 aliquot
1078 1570 1162 1624 milia
1180 1570 1384 1626 Romanorum
1403 1565 1478 1624 eifu-

335 1659 424 1729 gisse,
444 1677 503 1714 non
522 1658 623 1714 decem
643 1659 860 1725 tantummodo,
879 1665 914 1714 ut
933 1662 1054 1732 scripsit
1072 1659 1136 1716 Val.
1156 1661 1273 1728 Antion,
1302 1676 1361 1714 non
1381 1658 1477 1713 solum

335 1764 384 1803 res
403 1752 450 1803 est
462 1750 527 1819 ipsa
539 1767 592 1820 per
606 1766 638 1804 se
651 1749 833 1814 verisimilis,
848 1748 900 1805 sed
913 1751 1005 1804 etiam
1019 1750 1173 1822 aVegetio
1186 1750 1233 1822 (de
1246 1766 1277 1805 re
1290 1748 1350 1803 mil.
1364 1747 1421 1815 ΙΙΙ,
1432 1747 1477 1817 10)

336 1837 552 1907 quodammodo
571 1837 760 1907 confirmata
775 1856 845 1904 cum
861 1839 966 1895 doceat
994 1839 1109 1910 aliquot
1128 1844 1197 1911 post
1224 1854 1321 1895 annos
1348 1838 1477 1892 Marium

335 1926 490 1982 amborum
508 1931 693 1983 exercituum
712 1929 855 2000 reliquias
873 1930 1048 2001 repperisse.
1068 1961 1101 1971 -
1120 1947 1181 1985 non
1199 1929 1298 1984 minace
1313 1968 1319 1983 .
1332 1968 1338 1982 .
1353 1967 1359 1981 .
1375 1966 1381 1981 .
1396 1925 1477 1981 milio

331 2007 617 2091 penetrativum
636 2018 788 2090 probabile
807 2025 854 2073 est
873 2019 951 2089 quod
979 2018 1129 2074 Diodorus
1154 2018 1208 2090 (36,
1228 2020 1256 2091 1)
1284 2016 1477 2072 Posidonium

336 2105 534 2177 Apamensem
554 2113 675 2164 secutus
693 2112 806 2177 narrat,
826 2110 846 2164 i.
865 2127 889 2163 e.
910 2114 975 2163 toto
993 2108 1046 2163 illo
1070 2108 1148 2164 bello
1167 2109 1222 2162 LX
1251 2109 1371 2162 circiter
1396 2102 1479 2158 milia

336 2194 539 2252 Romanorum
559 2200 700 2270 periisse;
721 2215 816 2269 neque
835 2198 932 2253 multo
960 2199 1058 2253 minor
1077 2216 1120 2267 eo,
1150 2216 1238 2269 quem
1257 2196 1336 2268 apud
1357 2195 1478 2249 Livium

335 2284 415 2354 (Per.
433 2286 480 2358 67)
498 2287 676 2356 invenimus,
699 2304 843 2342 numerus
863 2287 956 2342 fuisse
980 2286 1100 2342 videtur
1128 2287 1266 2341 calonum
1294 2291 1326 2340 et
1349 2285 1494 2339 lixarum,

336 2375 386 2443 qui
406 2377 569 2430 exercitum
589 2376 800 2447 sequebantur.
819 2407 854 2417 -
881 2374 1020 2448 consules]
1048 2376 1169 2431 Mallius
1188 2382 1219 2431 et
1242 2376 1357 2446 Caepio,
1378 2390 1493 2444 quam·>

337 2481 425 2535 quam
439 2465 495 2531 hio,
508 2483 541 2520 re
555 2482 635 2535 vera,
646 2483 699 2536 pro
709 2465 830 2521 consule
844 2471 923 2535 erat3
938 2467 982 2521 sic
996 2466 1087 2519 etiam
1098 2464 1176 2536 apud
1190 2465 1368 2534 Eutropium
1382 2462 1427 2534 (V,
1442 2463 1478 2534 1).
1538 2507 1541 2511 .
