3309 5167
679 259 839 366 „59ss

596 642 703 718 LIB.
723 641 919 720 XXXVI.

259 872 332 939 ror.
357 872 441 937 IIII
459 893 499 955 r„
519 894 599 959 pap.
625 874 674 936 44
690 894 738 959 p,
759 892 840 957 pap.
865 874 913 936 43
936 872 976 936 Β.

191 1031 236 1096 Α.
262 1031 365 1097 condi
388 1053 512 1119 corpus
535 1032 691 1118 iusserat,
718 1054 787 1098 non
811 1031 976 1097 comburi.
1002 1029 1061 1095 sed
1085 1030 1124 1097 L.
1142 1029 1328 1117 Philippus

260 1139 483 1204 cremandum
516 1140 631 1227 potius
659 1139 807 1226 censuit,
838 1162 882 1204 ne
915 1137 1006 1203 idem
1031 1137 1148 1203 Sullae
1172 1137 1328 1202 eveniret

260 1246 351 1332 quod
375 1249 412 1313 O.
428 1247 549 1335 Maria
567 1248 663 1313 cuius
679 1271 803 1335 corpus
819 1246 949 1311 milites
972 1244 1107 1310 inimici
1132 1250 1327 1310 extractum

261 1355 475 1421 monimento
501 1355 717 1421 disiecerunt.
741 1355 859 1441 itaque
883 1352 1176 1438 iustitiumfuit,
1202 1359 1328 1418 matro-

261 1485 392 1549 naeque
416 1487 494 1528 eum
518 1470 592 1529 toto
615 1487 706 1529 anno
731 1464 904 1528 luxerunt.
923 1462 961 1526 in
977 1484 1100 1548 campo
1124 1463 1257 1527 Romae
1280 1485 1328 1527 se-

259 1570 378 1656 pultus
402 1576 454 1635 est
476 1570 692 1658 amplissimo
717 1569 838 1635 funere
854 1570 964 1635 elatus
981 1591 1109 1655 magna
1126 1569 1247 1656 populi
1264 1569 1330 1647 fre·

261 1677 410 1762 quentia.
430 1677 526 1743 cuius
542 1701 626 1764 rogo
650 1700 754 1763 quom
778 1677 871 1764 ignis
896 1682 983 1742 esset
1008 1676 1148 1763 inlatus
1173 1700 1244 1743 non
1261 1700 1329 1741 me-

259 1782 386 1848 diocris
402 1783 513 1849 imber
529 1791 580 1850 est
596 1784 780 1850 insecutus.

304 1892 448 1958 Sallusti
473 1915 558 1979 opus
574 1893 673 1958 nobis
686 1892 845 1978 occurrit,
871 1893 930 1957 sed
953 1916 1025 1980 nos,
1043 1899 1082 1957 ut
1098 1890 1326 1977 instituimus

260 2021 371 2070 moras
388 2007 423 2064 et
439 2022 509 2065 non
525 2000 686 2086 urgentia
703 2000 913 2068 omittemus
930 2023 1011 2067 nam
1029 1999 1235 2066 Sallustium
1260 2021 1330 2064 non

193 2107 235 2174 B.
261 2112 300 2171 ut
324 2106 527 2174 historicum
551 2108 658 2194 aiunt,
684 2108 743 2174 sed
768 2114 806 2173 ut
830 2114 1001 2174 oratorem
1018 2108 1227 2193 legenldum.
1245 2129 1326 2172 nam

262 2220 296 2278 et
324 2220 480 2301 tempora
505 2215 726 2302 reprehendit
749 2238 811 2280 sua
843 2222 877 2280 et
908 2215 1035 2281 delicta
1058 2215 1171 2301 carpit
1194 2219 1229 2279 et
1253 2237 1331 2279 con-

259 2320 372 2387 tiones
396 2323 518 2388 inserit
534 2329 568 2388 et
584 2321 644 2389 dat
666 2323 704 2387 in
728 2346 867 2388 censum
884 2323 960 2388 loca
976 2329 1111 2388 montes
1133 2320 1279 2386 flumina
1296 2327 1330 2386 et

262 2428 328 2495 hoc
351 2453 461 2516 genus
484 2430 568 2517 alia,
593 2436 628 2495 et
651 2431 770 2518 culpat
793 2437 828 2496 et
851 2436 1030 2517 comparat
1054 2428 1260 2494 disserendo.

305 2537 435 2602 Verum
459 2536 518 2602 ubi
542 2560 639 2603 orare
663 2543 848 2624 coeperant
879 2536 1012 2603 tribuni
1035 2536 1147 2623 plebis
1170 2536 1328 2601 consules

263 2642 315 2707 uti
338 2643 562 2710 tribuniciam
587 2650 794 2734 potestatem
819 2643 1048 2730 restituerent,
1075 2643 1219 2729 negavit
1234 2625 1331 2729 piior

261 2749 415 2839 Lepidus
439 2737 534 2817 etin
557 2752 719 2818 contione
742 2774 871 2837 magna
895 2773 975 2839 pars
998 2750 1176 2816 adsensast
1199 2749 1329 2815 dicenti

261 2878 331 2921 non
348 2880 420 2923 esse
432 2858 518 2923 utile
535 2859 672 2924 restitui
688 2858 911 2924 tribuniciam
928 2864 1144 2944 potestatem.
1163 2863 1197 2921 et
1214 2862 1327 2922 exstat

260 2963 381 3033 oratic.
399 2971 433 3030 et
450 2967 562 3052 legem
579 2966 845 3032 frumentariam
868 2966 966 3030 nullo
987 2943 1167 3030 resistente
1184 2963 1329 3050 adeptus

259 3077 320 3158 est,
334 3079 373 3137 ut
397 3097 554 3140 annonae
577 3074 729 3160 quinque
750 3073 859 3138 modii
883 3073 1011 3160 populo
1028 3071 1193 3137 darentur
1208 3077 1242 3137 et
1258 3071 1329 3136 alia

260 3179 371 3243 multa
393 3180 639 3266 pollicebatur:
657 3180 774 3245 exules
791 3178 961 3266 reducere,
980 3201 1033 3244 res
1050 3183 1165 3264 gestas
1182 3202 1201 3244 a
1219 3177 1317 3243 Sulla

233 3445 266 3496 A.
286 3446 369 3512 condi]
387 3447 476 3513 suppl.
494 3465 518 3512 p.
533 3449 583 3511 (DI
600 3447 660 3499 cod.
676 3447 706 3497 in
721 3447 808 3511 princ.
820 3447 913 3510 colse).
925 3447 1120 3511 -disiecerant]
1134 3447 1180 3511 Β.;
1196 3445 1335 3496 disserant

185 3523 245 3575 cod.
257 3554 288 3564 -
301 3544 360 3576 mm
371 3556 401 3565 -
412 3528 549 3593 tependum]
565 3529 605 3579 De
618 3528 660 3578 his
671 3527 765 3579 verbis
781 3543 855 3592 quae
866 3529 896 3577 Β.
908 3525 1059 3577 secludunt
1071 3543 1098 3576 v.
1110 3524 1179 3590 disp.
1195 3543 1221 3576 n.
1230 3525 1261 3575 in
1272 3527 1333 3578 Riv.

186 3605 217 3654 di
230 3604 281 3657 Fit.
298 3608 361 3658 tm.
377 3625 403 3672 p.
421 3609 475 3659 276.
491 3638 519 3647 -
537 3616 563 3660 ut
581 3609 727 3659 historicum
750 3609 830 3673 aiunt]
849 3608 921 3658 hanc
944 3624 979 3657 ex
1004 3607 1104 3656 multis
1123 3611 1255 3670 corrupto
1273 3607 1333 3656 loco

184 3686 486 3752 (Hlsroalcrsuu'r)
503 3689 649 3753 propositis
662 3687 922 3750 emendationibus,
940 3705 956 3738 e
973 3693 1022 3737 ten
1039 3688 1127 3738 Brinlr
1143 3687 1251 3750 (Philet.
1269 3688 1333 3748 Xll,

185 3783 212 3830 p.
223 3768 280 3830 590)
295 3770 459 3834 accepimus,
474 3770 541 3834 quia
552 3769 655 3819 litteris
669 3768 786 3820 traditis
798 3769 901 3819 melius
914 3768 1076 3832 respondem
1090 3769 1163 3818 idem
1176 3768 1259 3831 paulo
1272 3772 1333 3831 post

185 3847 294 3910 (Philet.
309 3851 387 3910 XIII,
404 3868 429 3915 p.
445 3852 517 3914 tao:
536 3849 684 3902 Sallustium
700 3867 748 3899 non
764 3856 790 3899 ut
803 3849 949 3899 historicum
967 3849 1059 3898 estred
1085 3854 1146 3912 etc.3
1160 3848 1271 3898 remeunt
1287 3848 1334 3910 B.3

186 3929 263 3979 seatio
278 3930 323 3980 vel
339 3933 431 3981 sciurus
446 3931 596 3982 Linkerius
611 3935 647 3995 (p.
664 3932 738 3994 635);
760 3937 822 3992 puto
848 3929 1014 3993 Madvigius
1038 3934 1113 3994 (pag.
1129 3929 1176 3978 396
1194 3928 1222 3978 in
1248 3931 1334 3991 adn),

186 4009 361 4061 Schmidtius
376 4010 485 4074 (Philet.
500 4012 586 4074 XIII,
611 4029 635 4076 p.
652 4012 716 4074 226),
732 4011 858 4071 Kenios,
875 4009 976 4073 (Jahrb.
991 4011 1011 4073 f.
1027 4011 1057 4060 cl.
1073 4010 1144 4059 Phil.
1160 4010 1198 4072 77,
1217 4025 1241 4073 p.
1258 4009 1331 4072 641),

186 4090 382 4141 Franckenius
397 4095 434 4155 (p.
450 4093 517 4154 246).
1081 4091 1083 4095 ’

233 4171 262 4220 Β.
278 4178 300 4221 et
316 4173 438 4222 contiones
452 4173 548 4239 inserit]
566 4173 685 4234 Lintea,
695 4170 798 4233 Madv„
810 4171 928 4231 Keilius‚
940 4169 1121 4231 Schmidtius
1133 4170 1252 4219 Franck.
1263 4169 1334 4232 (cod.

186 4250 282 4302 CONT
296 4286 347 4302 ....
361 4253 534 4315 ludetur),
544 4254 578 4302 cf.
588 4253 656 4302 lust.
667 4251 716 4315 (37,
726 4252 748 4311 3,
759 4252 812 4314 11):
825 4269 839 4299 o
850 4252 974 4300 contiones
990 4251 1102 4300 directas
1119 4250 1194 4311 operi
1208 4266 1252 4298 suo
1268 4250 1333 4298 inse-

185 4330 295 4381 rendo.»
315 4332 424 4381 convitia
439 4333 532 4394 inperat
549 4349 573 4396 p.
592 4336 622 4382 et
637 4332 667 4382 B.
684 4346 750 4381 cum
766 4331 902 4393 Momms,
913 4329 1027 4380 sednon
1045 4335 1126 4391 reete,
1144 4344 1210 4378 nam
1227 4327 1334 4378 litteris

186 4410 246 4463 cod.
262 4416 290 4463 et
306 4412 360 4464 loci
376 4413 516 4464 sententia
533 4413 705 4464 <mentionees
722 4410 854 4476 poscitur.
865 4439 896 4449 -
907 4411 989 4462 datin
1001 4411 1107 4475 censum]
1125 4427 1150 4475 p.
1167 4411 1197 4460 B.
1214 4424 1279 4459 cum
1291 4408 1330 4460 Μ.

679 4910 950 5025 084394
