3309 5167
843 320 1005 380 ..10-

345 453 515 512 Antiochiae,-
533 452 713 505 EXMEDEA
726 450 795 516 cod.;
805 468 837 503 ea
849 468 909 503 aere
924 453 971 517 ma
982 451 1106 503 sammaa
1123 450 1241 515 Kailios,
1254 451 1409 516 quitatum
1422 450 1498 503 hunc

342 535 435 586 locum
444 534 482 585 ita
493 534 608 586 exhibet
616 553 623 584 r
632 551 646 583 u
656 533 717 584 dam
725 534 829 585 colossos
836 533 913 583 duod.
921 532 974 584 aab.
982 534 1111 595 restruxit,
1119 550 1196 583 unum
1208 531 1247 584 Ol.
1254 533 1299 583 all.
1310 533 1375 596 Cap.
1384 533 1448 584 Iovi.
1456 532 1494 583 dc·

344 616 439 666 dicarit
446 615 580 666 elAlbem's
587 614 722 677 Olympico
729 621 753 666 el
760 627 845 665 maros
854 614 941 677 lapide
949 650 972 666 ..
985 651 1006 665 ..
1018 615 1201 665 Acclamat»
1209 613 1411 665 -dede'caoerai
1418 643 1448 652 -
1456 615 1493 664 in·

344 698 467 762 iacuerat]
487 697 644 748 Bursianus
654 696 684 760 (l.
694 699 752 760 m.)3
764 698 795 747 B.
807 696 954 747 scribunt:
966 696 1028 746 door
1041 696 1147 746 colossos
1157 695 1298 746 duodenam
1314 695 1453 746 cubitorum
1462 712 1493 746 ar

341 794 409 839 acre,
417 795 494 828 anam
502 777 654 828 Oiallcrum
665 776 729 840 Cap.
738 777 801 828 Ioui.
811 777 976 828 decoraverat
983 783 1007 827 ct
1015 777 1122 829 Athenai
1129 775 1263 840 Olympico
1273 775 1407 841 (Olmapio
1414 776 1491 839 cod),

343 866 366 910 ei
373 875 459 910 maroe
469 856 571 921 lapide.
581 895 587 908 .
596 864 747 910 alramech
755 858 798 909 Ex
809 857 914 909 litteris
923 856 983 909 cod.
991 858 1082 908 conici
1091 856 1177 908 etiam
1186 862 1293 923 potest:
1308 873 1382 907 maro
1390 856 1492 919 lapideo

343 940 506 990 instruxerat.
514 965 546 979 -
554 939 623 1003 nam]
640 937 700 990 cod.
717 955 743 1003 p.
759 939 797 1003 B.;
814 955 864 1003 pro
881 956 963 989 «υαυι
973 956 986 987 υ
1001 938 1057 989 iam
1068 938 1161 989 Keilio
1177 942 1312 1003 suspecto,
1329 936 1405 1003 qued
1422 937 1492 989 satis

343 1035 400 1071 non
417 1019 601 1083 intellegatur
617 1017 686 1083 quid
703 1019 749 1070 hic
764 1019 819 1070 sibi
836 1019 908 1070 velit
919 1018 1060 1083 particula
1075 1034 1160 1077 caus„
1176 1018 1387 1070 Dieckmannus
1399 1033 1492 1083 propo
1533 971 1551 1066 i

344 1100 390 1151 nit
399 1101 468 1159 iam„-
476 1097 524 1151 sed
533 1098 568 1151 de
577 1099 629 1150 hac
638 1099 779 1164 particula
788 1117 848 1149 nani
858 1105 897 1164 (z
908 1116 950 1165 gr.
959 1102 999 1163 δὲ)
1010 1097 1086 1164 apud
1095 1097 1241 1151 deterioris
1252 1097 1419 1149 Latinitatis
1427 1097 1492 1148 scri·
1541 1091 1553 1164 i

344 1185 437 1245 ptores
453 1197 481 1232 v.
497 1179 636 1231 Flemisch
659 1179 690 1243 (l.
704 1196 741 1231 m.
756 1197 782 1244 p.
797 1181 1019 1246 Phth-camera]
1037 1196 1103 1231 cum
1119 1180 1180 1232 cod.
1195 1180 1276 1231 Burs.
1292 1183 1321 1231 et
1336 1178 1491 1245 Flemisch3
1543 1223 1551 1252 ι

343 1261 454 1313 Keilius
470 1259 576 1311 conicit
592 1260 700 1323 diplera
717 1260 797 1311 nisus
813 1261 873 1312 loco
889 1260 1017 1314 vitruvii
1033 1261 1130 1327 (praef.
1146 1261 1207 1323 VII,
1224 1261 1266 1322 15)
1281 1260 1332 1324 qui
1353 1258 1490 1325 templum
1548 1259 1556 1295 ⁹

343 1339 499 1406 descripsit.
516 1370 545 1380 -
559 1343 745 1407 permanserat]
763 1359 799 1407 p.,
818 1341 930 1394 Keilius
946 1342 975 1406 (l.
992 1359 1029 1394 m.
1045 1358 1071 1408 p.
1087 1342 1152 1407 646),
1169 1340 1266 1394 Madv.
1289 1341 1318 1406 (l.
1329 1356 1366 1393 m.
1383 1357 1409 1406 p.
1418 1341 1492 1421 407),
1540 1343 1553 1434 ρ

339 1439 475 1486 peruiam
489 1423 557 1489 cod.;
570 1423 712 1486 amaneu
726 1423 758 1474 Β.

400 1669 435 1725 A.
445 1664 629 1726 Antiochiam
638 1666 804 1748 ademerat]
813 1668 981 1726 Antiochus
991 1669 1033 1727 IV
1043 1669 1221 1742 Epiphanes,
1232 1668 1374 1725 Antiochi
1384 1668 1485 1741 Magni

345 1757 426 1815 filius
444 1762 523 1815 obses
541 1758 687 1816 Romanis
701 1776 721 1814 a
736 1763 822 1830 patre
840 1760 936 1827 datus,
955 1763 1068 1816 moriac
1084 1760 1179 1830 fratrc
1191 1761 1317 1826 Seleuco,
1336 1759 1391 1830 pai
1405 1749 1490 1829 patri

345 1842 483 1919 defecato
500 1852 683 1914 successerat,
702 1849 735 1905 in
753 1866 874 1920 requam
893 1850 1001 1922 Syriae
1018 1852 1055 1906 ab
1078 1852 1147 1906 arbe
1164 1849 1305 1906 mmmm
1323 1849 1402 1921 (Per.
1420 1845 1488 1902 Liv.

345 1938 364 1992 l.
384 1938 484 2012 XLI);
508 1938 671 1994 secundum
690 1944 790 1993 autem
818 1938 976 2010 Polybium
994 1938 1122 2011 (XXXI,
1142 1939 1196 2011 12),
1215 1941 1286 1994 vivo
1311 1939 1487 1993 etiamtum

344 2028 449 2098 fratre,
467 2028 518 2099 qui
530 2029 595 2083 eius
608 2029 638 2082 in
654 2027 752 2082 locum
765 2029 888 2083 unicum
902 2027 997 2082 filium
1010 2028 1197 2084 Demetrium
1212 2027 1346 2084 obsidem
1358 2025 1487 2083 Romam

344 2119 478 2183 miserat,
496 2119 555 2171 iam
586 2117 682 2172 Roma
700 2116 841 2173 redierat.
860 2149 894 2159 —
914 2117 1055 2193 reperavit]
1070 2117 1107 2173 ab
1126 2136 1206 2173 anno
1225 2137 1254 2173 u.
1272 2119 1327 2172 580
1339 2115 1488 2188 usquead

343 2224 457 2262 annum
476 2207 537 2261 591.
556 2236 590 2247 -
606 2205 717 2279 postca]
735 2223 802 2262 cum
821 2207 902 2263 inter
915 2206 1067 2262 Romanos
1080 2212 1112 2263 et
1125 2206 1276 2274 Perseum,
1289 2205 1489 2262 Macedonum

345 2313 456 2368 regem,
473 2313 552 2351 anno
570 2295 623 2350 586
641 2295 754 2351 bellum
766 2300 867 2351 ortum
883 2301 937 2362 est,
951 2297 976 2351 si
991 2297 1119 2353 Perseus
1134 2298 1270 2369 superior
1284 2295 1488 2363 discessissem

344 2393 478 2441 ceterum
496 2402 564 2441 eum
584 2386 676 2440 etiam
694 2390 762 2457 post
781 2385 927 2457 proelium
947 2384 985 2440 ad
1004 2385 1141 2457 Pydnam
1154 2404 1222 2441 cum
1235 2385 1368 2441 Eumene
1381 2390 1489 2441 contre

344 2476 496 2531 Romanos
514 2475 639 2531 consilia
658 2477 893 2532 communicasse
911 2492 949 2530 ex
967 2475 1093 2548 Polybio
1110 2475 1238 2547 (XXXI,
1257 2476 1283 2544 b,
1302 2476 1331 2546 6)
1350 2480 1381 2530 et
1399 2475 1487 2531 Livio

342 2565 420 2638 (Per.
439 2565 486 2636 46)
504 2569 638 2636 apparet.
647 2596 681 2608 -
697 2565 856 2636 perpaucis
873 2562 964 2638 bonis]
977 2565 1082 2622 Livius
1095 2564 1187 2639 (XLI,
1199 2566 1255 2637 20),
1268 2565 1371 2620 multis
1384 2563 1486 2619 allatis

341 2649 417 2725 quie
436 2653 473 2709 de
490 2653 593 2709 mobili
611 2653 712 2708 animo
729 2655 906 2725 insaniaque
924 2653 989 2709 eius
1008 2657 1161 2709 testantur
1181 2653 1230 2725 (cf.
1249 2652 1354 2724 Polyb.
1376 2650 1488 2719 XXVI,

342 2744 393 2812 103
411 2742 496 2798 Diod.
514 2742 660 2810 XXVIII,
677 2743 713 2796 32
727 2749 758 2798 et
775 2741 889 2811 XXXI,
903 2744 958 2813 16),
971 2741 1069 2797 addit:
1081 2743 1115 2799 ia
1131 2744 1248 2799 daabem
1261 2745 1358 2797 tamen
1370 2741 1487 2813 mappic

338 2833 522 2905 cenamque
539 2834 624 2889 rebus
642 2848 706 2888 cere
725 2832 824 2904 rapias
836 2836 899 2889 crat
910 2832 1038 2900 animas,
1052 2832 1085 2888 ia
1099 2832 1217 2889 arbium
1229 2831 1316 2888 domis
1327 2834 1354 2887 cl
1365 2832 1487 2903 deorum

338 2925 426 2979 calla.
446 2952 480 2966 —
496 2922 623 2978 incertae
640 2925 765 2977 cataroe
783 2922 858 2978 levit.
876 2921 910 2995 a]
929 2922 995 2977 Liv.
1015 2922 1046 2993 (l.
1059 2924 1108 2991 m.)
1122 2923 1250 2993 adeoque
1263 2920 1341 2977 nulli
1347 2920 1487 2991 fortunae

338 3012 647 3076 adboacbctaaimus,
654 3028 709 3082 per
718 3011 818 3068 omnia
829 3028 937 3090 pecora
947 3011 1025 3067 vitae
1033 3028 1143 3079 errans,
1158 3010 1206 3066 ali
1216 3028 1268 3067 nec
1279 3011 1338 3068 sebi
1350 3027 1401 3067 nec
1418 3010 1485 3066 aliis

339 3103 462 3174 quinam
474 3105 557 3158 homo
571 3104 641 3157 asset
653 3101 728 3157 satis
740 3105 934 3158 constaret÷
946 3102 1040 3173 epulis
1049 3099 1232 3174 ,intervenircl
1245 3100 1348 3172 Polyb.
1361 3099 1485 3172 (XXVI,

341 3196 356 3247 l
367 3191 412 3247 ed.
427 3187 590 3262 Huttsoh):
604 3191 645 3245 ὅτε
655 3191 682 3245 δὲ
693 3201 742 3245 τῶν
753 3195 880 3266 νεωτέρων
890 3191 1009 3246 aicham&
1019 3211 1088 3254 τινας
1098 3193 1344 3264 συνευωχουμένους,
1364 3190 1485 3264 οὐδεμίαν

340 3281 452 3353 ἔμφασιν
462 3283 572 3352 ποιήσας
582 3289 668 3352 παρῆν
681 3281 848 3353 ἐπικωμάζων
862 3284 927 3352 μετὰ
938 3281 1058 3352 κερατίου
1071 3281 1118 3333 καί
1128 3281 1271 3353 συμφονίας
1283 3279 1332 3351 (cf.
1347 3278 1431 3336 Diod.
1440 3279 1483 3345 29,

340 3370 396 3441 32).
407 3401 440 3410 -
451 3371 491 3424 ad
499 3369 704 3440 symphoniam
714 3385 744 3423 m.
756 3366 788 3441 3.]
809 3368 913 3440 Polyb.
929 3367 1057 3441 (XXXI,
1067 3369 1096 3439 4)
1105 3385 1112 3423 :
1120 3372 1164 3423 ναὶ
1173 3378 1222 3441 τῆς
1232 3367 1377 3441 συμφωνίας
1387 3388 1485 3441 προνα-

342 3457 481 3532 λουμένης,
493 3457 669 3532 ἀναπηδήσας
680 3458 789 3531 ὠρχεῖτο
799 3460 844 3511 καὶ
854 3460 1001 3530 ὑπεκρίνετο
1012 3461 1080 3531 μετὰ
1089 3467 1140 3511 τῶν
1150 3457 1335 3531 γελωτοποιῶν,
1345 3461 1411 3512 ὥστε
1421 3461 1484 3513 ποίν-

341 3567 388 3611 τας
398 3547 597 3620 αἰσχυνομένους
606 3549 712 3620 aalma
724 3547 808 3603 Diod.
819 3547 943 3620 (31‚1o):
958 3550 1024 3621 μετὰ
1035 3557 1116 3603 ταῦτα
1126 3558 1174 3621 τῆς
1184 3548 1331 3621 συμφωνίας
1341 3533 1484 3623 προκαλου·

340 3640 424 3712 μένης
434 3637 552 3709 ἀνεπήδα
563 3639 660 3710 γυμνός
671 3636 728 3693 κτλ.
741 3667 776 3679 -
788 3636 900 3693 balneio
913 3668 945 3678 -
957 3636 1041 3712 freq]
1055 3637 1157 3709 Polyb.
1170 3637 1293 3711 (XXVI,
1306 3638 1366 3710 10):
1381 3637 1483 3693 'elatem

341 3729 368 3782 δὲ
386 3730 432 3782 ναν
451 3736 501 3790 τοῖς
516 3727 654 3802 δημοσίοις
668 3726 828 3797 βαλανείοις,
849 3728 891 3781 ὅτε
904 3727 1027 3802 δημοτῶν
1046 3724 1079 3800 ἦν
1092 3731 1124 3781 τὰ
1143 3727 1270 3799 βαλανεῖα
1284 3728 1484 3802 πεπληρωμένα,

339 3818 471 3890 κεραμίων
492 3815 678 3889 εἰσφερομένων
706 3816 776 3888 atati)
796 3818 881 3889 μύρων
893 3824 943 3882 τῷν
959 3815 1195 3871 πολυτελεστάτων.
1213 3816 1297 3882 Quod
1316 3817 1427 3872 attinet
1445 3815 1484 3871 ad

339 3905 431 3962 verbe
448 3904 561 3961 balneis
578 3904 624 3960 ati
640 3905 677 3959 cf.
697 3905 816 3961 Celsum
834 3906 858 3973 I,
880 3907 894 3960 1
915 3923 942 3977 p.
961 3906 1004 3970 20,
1024 3906 1074 3975 31;
1094 3904 1186 3960 Orelli
1208 3908 1301 3961 lusor.
1319 3907 1368 3961 lat.
1381 3923 1416 3961 u.
1429 3906 1483 3960 202

339 4012 358 4049 a
376 3996 405 4066 (a
424 3993 524 4050 Keilio
542 3995 687 4066 memor).
701 4027 736 4038 -
754 3996 914 4051 Asturconc
929 4012 1071 4066 pompam
1089 3994 1211 4070 repebat]
1230 3996 1292 4050 Aut
1310 3996 1391 4050 inter
1409 3994 1482 4049 haec

338 4083 430 4140 verba
449 4089 479 4139 et
492 4101 568 4154 quae
581 4088 750 4155 sequuntur
769 4102 820 4140 «sc
834 4084 1108 4141 simulabatHier.·
1126 4090 1183 4141 etc.
1194 4084 1294 4155 aliqua
1312 4091 1359 4140 est
1374 4085 1482 4139 lacuna

338 4190 413 4243 quae
431 4174 462 4228 in
482 4172 544 4228 cod.
564 4190 623 4228 nou
642 4161 775 4244 apparet,
795 4178 850 4228 aut
868 4173 1024 4229 fatendum
1043 4179 1090 4229 est
1109 4173 1298 4229 Licinianum
1318 4190 1367 4228 res
1391 4191 1409 4228 e
1427 4190 1481 4228 suo

336 4267 458 4317 auctore
477 4268 616 4317 narratas
645 4263 756 4317 mirum
784 4263 816 4317 in
845 4261 966 4317 modum
985 4264 1114 4334 epitome
1139 4262 1396 4319 circumscribere!
1416 4265 1480 4317 iure

337 4353 416 4406 enim
435 4368 578 4422 quaerere
598 4369 755 4422 possumus
775 4369 922 4422 quaenam
947 4351 1069 4406 tandem
1088 4353 1128 4408 sit
1147 4352 1222 4408 haec
1238 4369 1349 4424 pompa
1367 4351 1404 4407 de
1423 4368 1481 4423 qua

336 4444 362 4498 is
381 4441 529 4514 loquatur.
539 4440 623 4507 Quod
636 4446 670 4496 ut
683 4437 820 4512 sciamus,
835 4441 993 4514 Polybium
1006 4441 1089 4498 adire
1104 4441 1190 4499 nobis
1209 4459 1283 4515 opus
1296 4438 1480 4515 est‘qxxxI
