3309 5167
784 390 833 400 ···-
859 368 929 419 VIII
954 390 1004 399 -

347 539 348 544 ’
399 515 483 613 His,
511 542 607 614 quae
635 516 794 594 fortasse
826 517 1104 620 praetereunda
1137 542 1215 588 nun
1243 525 1370 610 erant,
1398 542 1460 588 ex-

327 651 472 748 positis,
499 652 545 725 de
564 650 686 726 Grani
706 650 923 723 Liciniani¹
950 660 1073 725 aetate
1099 677 1144 724 ac
1162 629 1208 724 de
1226 650 1350 747 operis
1377 650 1457 723 eius

326 784 453 859 indole
479 796 517 859 et
550 785 719 859 fontibus
753 784 849 858 mihi
875 786 1139 859 disserendum
1173 794 1281 879 esset,
1316 785 1391 857 nisi
1416 785 1457 858 id

326 931 502 995 accurate
529 920 703 995 fecissem
730 948 774 995 ea
800 921 1057 1018 disputatione
1084 946 1180 1019 quae
1206 947 1329 1017 nuper
1355 921 1457 994 edita

327 1066 383 1129 est
400 1055 441 1127 in
471 1057 647 1130 «Rimata
666 1058 705 1129 di
723 1057 905 1151 Fttotoqia
923 1083 940 1125 »
969 1055 1069 1150 (Vol.
1089 1054 1275 1148 XXVIII,
1295 1053 1386 1128 fasc.
1405 1055 1456 1150 II,
1545 1047 1548 1052 ’

327 1215 412 1286 pag.
441 1192 511 1262 268
537 1200 574 1265 et
600 1197 701 1287 seqq.
729 1190 872 1263 Terina
898 1189 1087 1264 Loescher
1114 1193 1236 1284 1900).
1269 1188 1343 1265 Oui
1369 1215 1456 1261 cum

327 1323 425 1396 nihil
450 1323 610 1398 habeam
636 1326 738 1422 quod
763 1351 867 1398 nunc
893 1325 1032 1398 addere
1062 1334 1244 1421 oporteat,
1272 1335 1389 1397 restat
1415 1335 1457 1397 ut

327 1458 459 1553 paucis
486 1460 642 1532 doceam
676 1457 722 1533 de
749 1460 896 1532 ratione
927 1484 971 1531 ac
997 1458 1061 1530 via
1087 1484 1201 1554 quam
1235 1458 1276 1529 in
1307 1457 1365 1531 his
1392 1457 1457 1530 Li-

327 1592 472 1666 ciniani
506 1594 677 1691 reliquiis
708 1595 950 1670 recensendis
985 1604 1097 1691 atque
1129 1592 1366 1666 illustrandis
1401 1620 1457 1668 se-

328 1737 438 1801 cutus
466 1754 561 1802 sum.

400 1861 662 1937 Bonnensium
687 1864 878 1960 editionis,
904 1875 1079 1962 utsupra
1098 1864 1188 1959 dixi,
1216 1864 1258 1937 in
1283 1863 1354 1937 hac
1372 1888 1457 1938 mea

327 1998 585 2096 comparanda
603 1998 929 2071 accuratissimam
949 1998 1135 2071 rationem
1164 1997 1291 2092 habui,
1310 2023 1354 2070 ac
1380 2024 1458 2070 me-

273 2175 276 2186 ·
328 2130 401 2203 rito
428 2114 582 2227 quidem
609 2132 649 2204 id
675 2159 735 2206 me
755 2131 888 2205 fecisse
915 2132 1168 2229 peritissimus
1194 2132 1353 2229 quisque
1380 2132 1457 2204 exi-

328 2264 503 2339 stimator
528 2266 720 2362 concedet,
739 2266 921 2362 queniam
939 2266 1159 2340 Bonnenses
1177 2274 1214 2339 et
1240 2265 1455 2338 Licinianei

329 2399 471 2473 codicis
498 2427 547 2473 m.
575 2428 603 2474 s.
631 2427 765 2474 verum
791 2400 971 2474 foliorum
1006 2402 1179 2475 ordinem
1209 2401 1458 2474 restituerunt

329 2543 366 2607 et
391 2544 537 2608 textum
563 2562 586 2609 a
611 2536 759 2609 Pertzio
787 2537 944 2632 editum,
971 2538 1105 2610 rudem
1140 2537 1255 2609 etiam
1291 2547 1372 2607 tum
1400 2535 1458 2607 in-

329 2669 598 2766 conditamque
623 2670 836 2764 materiam,
863 2680 1050 2767 quantum
1076 2671 1160 2744 fieri
1177 2671 1312 2767 potuit,
1331 2670 1457 2766 dispo-

328 2813 487 2877 suerunt
512 2830 556 2877 ac
582 2830 682 2877 nova
707 2805 873 2901 quadam
898 2803 982 2878 luce
1010 2804 1341 2878 collustraverunt.
1368 2804 1456 2877 Non

329 2940 466 3013 desunt
491 2949 619 3013 tamen
645 2938 719 3012 luci
744 2940 821 3035 ubi,
849 2941 929 3013 sive
964 2940 1105 3014 codicis
1140 2939 1278 3013 litteris
1309 2938 1457 3013 cellatis

330 3072 409 3145 sive
436 3098 564 3146 rerum
589 3084 832 3147 narratarum
859 3074 1048 3147 sententia
1073 3084 1282 3171 perspecta,
1309 3100 1331 3147 a
1358 3073 1458 3147 Ben-

329 3206 506 3279 nensium
532 3205 693 3281 lectione
720 3207 993 3281 discedendum
1025 3233 1104 3281 esse
1140 3208 1367 3281 existimavi.
1394 3207 1458 3280 In-

329 3340 480 3413 terdum
507 3340 622 3413 etiam
648 3339 886 3440 factumest,
912 3351 954 3414 ut
983 3343 1085 3439 qued
1111 3342 1331 3415 Bonnenses
1356 3342 1458 3415 insa-

329 3475 455 3568 nabile
494 3477 727 3552 iudicassent
764 3503 808 3550 ac
847 3477 960 3574 plane
998 3477 1266 3574 neglexissent,
1306 3478 1346 3552 id
1376 3503 1457 3574 ege,

330 3611 493 3685 aliorum
510 3612 679 3710 aliquam
697 3613 932 3710 probabilem
951 3614 1209 3687 coniecturam
1228 3625 1390 3707 secutus,
1409 3614 1458 3686 ad

330 3744 530 3819 clariorem
557 3748 750 3844 quandam
777 3747 1006 3820 sententiam
1032 3748 1244 3842 redigerem
1278 3756 1390 3844 atque
1416 3747 1457 3818 in

328 3881 720 3983 texturnreciperem.
749 3879 905 3975 Contra,
920 3880 952 3954 si
977 3880 1071 3977 quid
1088 3879 1307 3954 Bonnenses
1326 3906 1458 3977 perpe-

329 4038 411 4086 ram
438 4015 478 4086 in
504 4025 609 4088 textu
635 4015 831 4113 scripsisse
856 4014 951 4088 mihi
977 4014 1051 4088 visi
1078 4025 1167 4089 sunt
1192 4041 1314 4112 neque
1340 4013 1456 4087 habui

324 4243 567 4258 ἡ--ι-ἡ-ῇ-α-

377 4337 588 4394 ¹Praen0men
608 4355 623 4394 t
641 4337 727 4395 Gai»
747 4339 981 4395 incertissimum
1000 4343 1047 4395 est
1065 4337 1137 4410 (vid.
1165 4336 1239 4409 disp.
1267 4341 1404 4405 nostram
1432 4337 1463 4392 in

322 4446 465 4504 «Rivirta
483 4447 517 4504 di
534 4447 592 4504 Fit
605 4465 621 4504 u
641 4447 659 4501 1.
679 4465 716 4503 m.
737 4466 764 4520 p.
783 4446 836 4503 271
855 4453 886 4503 et
906 4447 1008 4518 seqq.).

1648 459 1651 552 l
