3309 5167
751 688 858 764 LIB.
889 687 1087 765 XXVIII.

423 937 493 1004 ror.
520 940 554 1003 X
573 960 623 1021 r.;
642 957 721 1024 pop.
741 911 859 1024 4546,
879 960 927 1022 p,
948 959 987 1022 p
1013 939 1096 1002 913.
1522 891 1532 984 l

356 1099 399 1166 A.
407 1099 467 1185 qui
475 1099 700 1166 AntiochIam
713 1099 911 1185 advenerat,
925 1106 1060 1166 mortuo
1073 1098 1181 1165 fratre
1198 1096 1367 1185 regnavit.
1393 1096 1485 1162 idem
1529 1107 1535 1158 ¹.

423 1208 638 1294 cogitaverat
661 1207 793 1273 bellum
809 1214 930 1294 postea
947 1207 1098 1273 indicere
1122 1205 1301 1290 Romanis,
1316 1205 1375 1271 sed
1398 1205 1487 1270 inhi-
1523 1217 1538 1306 1

423 1314 515 1383 bitus
540 1314 669 1379 dicitur
690 1314 888 1382 Macedonis
911 1320 1011 1382 sorte.
1037 1313 1219 1401 perpaucis
1243 1312 1342 1379 bonis
1359 1334 1487 1398 magna
1527 1369 1538 1420 ς

423 1422 591 1488 miscebat
613 1422 715 1510 mala,
733 1420 886 1487 incertae
909 1426 1053 1486 naturae
1071 1420 1292 1505 levitatisque
1316 1440 1488 1491 summae:
1534 1467 1547 1486 e

421 1528 536 1617 epulis
551 1527 835 1595 comissabundus
858 1527 1078 1606 intervenire,
1097 1526 1141 1595 ad
1165 1527 1411 1615 symphoniam
1427 1548 1489 1590 nuo
1515 1579 1518 1585 .

366 1663 369 1668 ·
424 1636 487 1702 dus
511 1636 638 1702 saltare
660 1642 695 1701 et
718 1635 852 1701 balneis
876 1634 1025 1723 publicis
1043 1634 1105 1719 uti,
1130 1635 1230 1722 plebe
1255 1635 1396 1701 balneas
1424 1632 1488 1698 fre-¹
1614 1655 1625 1720 p

424 1743 621 1830 queritante,
645 1741 803 1831 perfusus
827 1742 1026 1829 unguentis.
1051 1749 1085 1808 et
1107 1742 1301 1809 Asturcone
1324 1764 1488 1829 pompam

424 1852 576 1938 regebat,
592 1857 626 1916 et
642 1873 677 1916 se
692 1850 880 1917 simulabat
895 1850 1076 1937 Hierapoli
1100 1850 1251 1917 Dianam
1268 1850 1390 1915 ducere
1408 1872 1489 1915 uxo·

424 1981 507 2042 rem,
524 1964 559 2023 et
575 1981 652 2023 cum
668 1964 708 2023 ut
723 1958 768 2024 ad
782 1959 903 2046 epulas
919 1981 1021 2026 aurea
1034 1964 1068 2023 et
1084 1964 1247 2044 argentea
1260 1981 1343 2025 vasa
1359 1981 1377 2023 e
1393 1980 1489 2024 sacro

424 2065 660 2154 protulissent,
678 2071 819 2132 cenatus
845 2065 886 2130 de
910 2064 1039 2131 mensis
1070 2088 1110 2133 ea
1134 2066 1279 2133 abstulit
1302 2065 1340 2130 in
1363 2064 1489 2149 dotem,

359 2175 399 2241 B.
424 2179 567 2260 excepto
583 2173 686 2239 anulo
704 2196 805 2259 quem
821 2196 930 2239 unum
951 2175 956 2261 Ι
978 2173 1133 2239 omnium
1151 2173 1233 2238 deae
1250 2173 1418 2239 donorum
1441 2195 1491 2237 re·

425 2281 538 2367 liquit.
567 2280 723 2346 Graccho
747 2281 884 2365 iterum,
908 2279 950 2346 de
973 2279 1070 2346 cuius
1094 2281 1198 2368 paulo
1222 2287 1324 2347 antea
1347 2278 1490 2345 memini

426 2388 616 2471 consulatu,
641 2392 770 2454 terrore
794 2390 886 2476 perit
900 2394 1081 2455 nocturno,
1098 2411 1221 2476 corpus
1238 2389 1310 2454 eius
1326 2411 1404 2453 cum
1419 2387 1491 2453 An·

424 2494 592 2562 tiochiam
616 2502 824 2583 portaretur,
843 2496 1016 2562 exterritis
1040 2496 1154 2563 subito
1178 2496 1352 2580 iumentis,
1369 2495 1407 2560 in
1429 2496 1491 2561 fiu-

426 2603 523 2669 vium
540 2603 721 2691 abreptum
738 2626 808 2670 non
824 2604 1031 2692 comparuit.
1047 2603 1109 2670 has
1133 2605 1194 2670 ille
1210 2627 1337 2692 poenas
1354 2603 1490 2670 infandi

427 2710 587 2796 sacrilegi
612 2709 684 2775 deis
708 2709 807 2776 iratis
832 2710 1006 2799 expendit.
1026 2711 1110 2778 duos
1129 2712 1277 2777 colossos
1295 2711 1490 2777 duodenum

426 2816 621 2882 cubitorum
638 2840 680 2882 ex
696 2817 811 2885 Media
824 2870 948 2888 ......
961 2841 1069 2884 unum
1087 2818 1249 2906 Olympio
1266 2819 1414 2885 alterum
1431 2818 1492 2884 Oa·

426 2924 574 3011 pltolino
602 2926 680 2992 Iovi
696 2926 924 2994 dedicaverat.
938 2926 1088 2993 Athenis
1105 2926 1294 3014 Olympion
1317 2932 1491 2991 exstruere
1505 2993 1510 3004 ‚

428 3055 446 3096 e
468 3031 585 3119 lapide
612 3056 783 3099 marmore
812 3034 1022 3100 instituerat.
1047 3057 1129 3099 nam
1157 3034 1335 3099 columnas
1360 3032 1492 3118 aliquot

427 3163 571 3206 numero
594 3140 876 3209 circumdederat.
903 3141 1002 3208 aedes
1022 3141 1242 3208 nobilissima
1267 3140 1424 3228 Olympii
1440 3142 1492 3206 Io·

428 3247 482 3313 vis
504 3247 728 3315 Atheniensis
752 3249 812 3316 diu
836 3247 1039 3336 imperfecta
1062 3254 1298 3337 permanserat
1310 3297 1452 3316 .......

402 3534 434 3583 Α.
451 3532 581 3597 Spatium
605 3537 650 3596 (ex
667 3550 755 3599 marg.
772 3538 842 3597 ext.)
858 3534 948 3585 trium
963 3534 1007 3585 vel
1033 3540 1172 3598 quattuor
1187 3534 1350 3585 litterarum
1367 3534 1499 3585 avulsum

354 3631 380 3680 p.
396 3643 426 3651 -
442 3615 488 3676 qai
502 3614 672 3680 Antiochiam]
690 3632 724 3666 ex
741 3617 795 3666 fine
812 3617 963 3681 superioris
979 3616 1099 3679 paginae
1115 3620 1152 3677 (v.
1170 3619 1274 3680 supra).
1285 3643 1312 3653 -
1322 3610 1449 3680 inhibitus]
1461 3616 1500 3665 M.

354 3700 384 3745 et
399 3711 441 3760 p.;
454 3694 598 3757 prohibitus
614 3697 643 3746 B.
653 3724 683 3734 -
699 3695 856 3762 Macedonas]
874 3696 984 3747 Keilius
1000 3695 1085 3759 (Iahr.
1102 3698 1121 3747 f.
1138 3697 1175 3746 kl.
1191 3694 1293 3746 Philol.
1306 3713 1333 3747 v.
1343 3696 1374 3746 77
1385 3713 1410 3760 p.
1426 3696 1500 3761 644);

354 3773 486 3826 credibile
500 3775 574 3826 enim
591 3782 634 3825 est
650 3776 831 3839 Antiochum,
840 3792 898 3841 qna
907 3782 1012 3828 natura
1029 3781 1097 3840 erat,
1106 3777 1200 3828 Persei
1211 3775 1291 3827 clade
1306 3776 1502 3828 vehementius

354 3870 440 3919 quam
450 3855 576 3907 cuiusvis
585 3855 711 3907 numinis
726 3872 858 3922 responso
873 3862 1044 3908 commotum
1053 3874 1111 3908 esse
1128 3862 1214 3921 atque
1230 3873 1248 3906 a
1264 3855 1381 3907 consilio
1391 3873 1442 3908 suo
1459 3855 1502 3907 de·

354 3935 495 3985 territum.
504 3935 614 3986 Keilius
629 3935 734 3986 conicit
749 3936 835 3987 etiam
853 3935 944 3987 Persei
953 3939 1020 3999 repes
1032 3943 1097 3987 sorte
1108 3935 1179 3999 (cod.
1187 3936 1441 3999 osoaNISSORTE)
1451 3937 1501 4002 3A·

351 4015 457 4078 pollinis
465 4022 530 4066 sorte
537 4017 568 4066 Β.
577 4015 607 4066 in
615 4015 689 4081 adn.;
700 4016 795 4079 Osopus
804 4018 872 4068 Iooe's
879 4018 956 4090 (Ζεὺς
974 4018 1096 4092 Ὀσογῶα
1106 4017 1137 4068 in
1145 4017 1227 4068 Caria
1235 4034 1263 4069 v.
1273 4017 1502 4069 Preller-Robert

355 4095 380 4145 1⁴
395 4110 458 4160 pag.
473 4096 520 4145 580
536 4097 620 4146 Anm.
636 4098 663 4158 2)
677 4101 742 4147 sorte
758 4097 903 4148 Meinecke
918 4101 928 4160 (
945 4097 1151 4161 Ephem.Arch.
1169 4097 1384 4149 1857116111
1395 4099 1503 4162 p.103)3

351 4182 522 4237 praematuro
537 4182 618 4228 morte
634 4177 663 4228 O.
677 4177 710 4228 G.
727 4176 856 4228 Schmidt
871 4178 983 4241 (Philol.
1000 4179 1078 4240 XIII,
1096 4196 1121 4243 p.
1137 4179 1205 4241 226).
1221 4207 1252 4215 -
1268 4178 1337 4228 bonis
1352 4207 1366 4216 -
1382 4180 1501 4244 mmmae]

354 4255 482 4306 restituit
498 4256 544 4320 M„
554 4256 604 4321 qui
620 4262 716 4308 tomen
732 4259 795 4309 vitio
811 4257 890 4309 dedit
907 4275 956 4323 pro
964 4260 1041 4321 owlo,
1051 4258 1127 4323 quod
1136 4275 1213 4310 nunc
1222 4258 1376 4323 accipimus
1387 4275 1403 4310 a
1414 4259 1500 4312 Mioh.
1547 4280 1551 4286 ·

354 4335 491 4387 FlemIsch
507 4340 542 4401 (ο.
558 4342 606 4401 m.)
622 4367 652 4375 —
668 4339 750 4401 epulis
765 4340 923 4405 intervenire]
941 4340 981 4405 B3
998 4341 1201 4392 comissabundus
1216 4340 1272 4405 M.;
1288 4340 1410 4390 comisam
1425 4341 1456 4392 B.
1470 4369 1503 4380 -·

352 4423 375 4466 et
391 4416 486 4469 balneis
502 4446 533 4459 -
542 4419 722 4485 frequentante]
738 4418 881 4486 supplevit
894 4420 1003 4472 Keilius
1015 4421 1044 4483 (l.
1058 4424 1115 4484 m),
1128 4424 1245 4473 auctore
1255 4420 1375 4485 Polybio
1386 4420 1502 4485 (XXVI,
