3309 5167
646 732 650 739 ·
752 690 860 766 LIB.
891 689 1063 764 XXXV.

410 943 481 1009 rot.
514 940 585 1009 VII
603 964 643 1024 a,
664 960 744 1026 pap.
769 942 878 1005 36-37
896 959 944 1023 p,
964 959 1045 1023 pap.
1071 939 1181 1005 2513.
1279 953 1280 956 ’

344 1086 386 1152 A.
411 1108 489 1151 cum
514 1083 718 1150 adnectam
741 1104 848 1167 usque
875 1080 1067 1165 mansisset,
1104 1079 1201 1147 Ostia
1235 1082 1318 1146 urbe
1342 1080 1477 1168 potitur

411 1216 473 1281 per
487 1191 668 1260 Valerium
684 1189 780 1256 cuius
797 1190 928 1275 equites
943 1188 1195 1276 praesidebant.
1213 1211 1276 1254 nec
1292 1189 1477 1276 Pompeius

412 1327 432 1368 a
444 1299 589 1366 Sertorii
601 1299 692 1365 bello
705 1296 883 1377 abstinuit,
897 1295 957 1362 sed
968 1296 1086 1383 palam
1098 1296 1281 1383 pugnavit.
1297 1302 1332 1361 et
1349 1295 1477 1361 frustra

411 1408 519 1495 legati
542 1409 635 1473 ultro
659 1406 814 1492 citroque
837 1405 934 1471 missi
959 1410 1050 1491 sunt,
1075 1428 1153 1471 cum
1178 1428 1213 1471 se
1244 1404 1357 1472 Cinna
1381 1427 1478 1492 supe-

411 1514 580 1605 periorem
604 1512 828 1579 existimaret.
854 1512 984 1579 Marius
1008 1535 1086 1578 cum
1113 1512 1184 1578 suis
1210 1512 1368 1578 Ianiculo
1391 1511 1479 1599 poti·
1542 1575 1545 1580 ,
1634 1577 1635 1580 ,

409 1631 467 1689 tur
490 1622 611 1688 multis
638 1620 769 1687 occisis.
797 1621 857 1706 qui
875 1674 882 1686 .
902 1674 908 1686 .
928 1672 936 1687 .
955 1673 962 1688 .
978 1673 986 1691 ,.
1006 1620 1209 1706 ..iugulati
1236 1625 1326 1685 sunt.
1356 1625 1390 1685 et
1419 1621 1479 1685 Oc-

410 1731 535 1812 tavius,
560 1729 710 1817 acceptis
727 1752 786 1795 sex
810 1726 1009 1794 cohortibus
1032 1727 1242 1815 aPompeio,
1272 1734 1347 1792 tum
1374 1727 1479 1793 tradi-

412 1838 464 1903 dit
486 1861 522 1903 se
535 1836 687 1904 inimico.
703 1835 870 1901 Milonius
894 1834 1073 1919 occiditur,
1095 1835 1200 1900 ceteri
1219 1836 1478 1917 submoventur,

412 1968 496 2031 quos
531 1944 683 2010 subsidio
714 1943 861 2008 Milonio
893 1941 1065 2008 Sertorius
1098 1942 1248 2008 miserat.
1274 1943 1480 2008 Ceciderunt

414 2051 596 2119 Octaviani
618 2075 678 2116 sex
694 2049 792 2115 milia
808 2056 842 2115 et
858 2054 997 2116 senator
1011 2072 1109 2137 unus,
1127 2049 1306 2133 Aebutius,
1324 2049 1481 2116 adversa-

414 2160 543 2226 riorum
574 2165 706 2246 septem
738 2158 846 2223 milia.
880 2158 1000 2225 Potuit
1031 2157 1109 2244 capi
1139 2150 1336 2223 Ianiculum
1359 2157 1479 2223 eodem

346 2270 387 2336 B.
413 2268 504 2353 die!
545 2266 731 2353 Pompeius
756 2266 848 2331 ultra
872 2265 1055 2332 Octavium
1078 2264 1241 2352 progredi
1263 2288 1384 2352 passus
1411 2288 1482 2330 non

413 2374 491 2459 fuit,
518 2374 576 2440 sed
600 2380 638 2439 ut
662 2374 823 2439 Crassum
847 2379 1023 2440 revocaret
1039 2372 1190 2460 impulit,
1208 2395 1252 2438 ne
1272 2379 1353 2439 ante
1369 2373 1482 2439 debel-

412 2483 543 2547 laretur
566 2504 670 2567 quam
694 2480 835 2547 comitia
852 2479 1110 2567 conficerentur,
1136 2487 1175 2545 ut
1198 2502 1277 2545 eum
1301 2480 1482 2567 magistra-

413 2596 488 2655 tum
523 2589 596 2676 ipse
631 2589 821 2673 invaderet,
847 2588 928 2674 quia
951 2588 1098 2655 timebat
1121 2611 1255 2654 urnam.
1285 2595 1319 2653 et
1345 2589 1480 2654 Metelli

414 2703 525 2761 castra
549 2696 586 2760 in
610 2696 805 2783 propinquo
822 2701 931 2779 erant,
957 2717 1058 2781 quem
1083 2697 1200 2761 Catuli
1225 2694 1291 2762 duo
1315 2700 1350 2761 et
1372 2696 1481 2762 Anto-

414 2805 501 2888 nius,
526 2810 665 2869 senatus
688 2803 806 2889 legati,
832 2809 871 2869 ut
894 2802 1027 2892 patriae
1051 2804 1260 2887 subveniret,
1286 2811 1481 2872 oraverant.

480 2912 580 2978 Bello
593 2910 684 2997 quod
700 2911 792 2976 inter
807 2911 1012 2998 Pompeium
1030 2917 1064 2976 et
1081 2912 1272 2977 Sertorium
1289 2911 1367 3000 fuit,
1385 2912 1483 2998 igno-

413 3019 493 3086 bilis
517 3019 658 3105 quidam
682 3018 781 3083 miles
805 3017 959 3105 Pompei,
986 3017 1068 3082 dum
1091 3018 1219 3105 spoliat
1243 3018 1388 3102 hostem,
1414 3018 1482 3086 fra-

412 3135 500 3192 trem
525 3126 703 3212 adgnovit.
730 3130 905 3191 exstructo
933 3147 1027 3210 rogo,
1064 3126 1147 3191 dum
1184 3125 1275 3192 iusta
1300 3126 1481 3213 persolvit,

413 3235 524 3300 multa
559 3235 777 3321 imprecatus,
814 3233 932 3319 gladio
968 3257 1003 3298 se
1037 3233 1185 3301 traiecit.
1223 3234 1482 3321 maximumque

412 3341 571 3409 omnibus
595 3340 814 3429 praesagium
839 3341 922 3408 belli
946 3340 1060 3407 civilis
1085 3364 1182 3407 casus
1210 3341 1268 3407 hic

351 3556 605 3566 m—

386 3668 419 3715 A.
438 3664 520 3715 Prior
536 3663 674 3728 marginis
690 3678 754 3728 pars
771 3663 871 3714 avulsa
888 3668 930 3713 est
947 3663 996 3727 ita,
1022 3668 1055 3714 ut
1079 3669 1137 3714 tres
1161 3666 1218 3715 fere
1242 3665 1356 3716 litterae
1381 3664 1491 3717 deside-

340 3751 439 3796 rentur
456 3762 481 3809 p.
497 3773 528 3785 -
543 3745 612 3813 anns]
628 3745 670 3810 B.3
683 3746 727 3795 sed
742 3745 846 3808 nauipio
862 3760 899 3809 p.;
917 3748 927 3808 (
939 3781 1076 3795 ........
1092 3745 1129 3797 10
1146 3744 1271 3807 1011).-
1291 3747 1432 3813 manasset]
1447 3749 1491 3813 B.;

339 3828 464 3889 (MA...
481 3828 499 3876 S
516 3825 586 3888 cod.)
603 3855 633 3863 -
646 3843 697 3888 per
719 3825 862 3892 Valerium]
878 3827 921 3891 B.;
931 3842 983 3887 per
998 3824 1029 3875 L.
1052 3826 1181 3877 Valerium
1198 3844 1222 3890 p.
1238 3831 1276 3889 (v.
1292 3832 1409 3890 comm).
1426 3854 1457 3866 -
1473 3845 1491 3877 a

341 3906 451 3958 Sertortt
465 3906 527 3956 betto
543 3906 673 3974 abstinuit]
689 3912 764 3957 recte
781 3906 912 3970 proponit
928 3908 967 3957 M.
983 3906 1122 3958 Flemisch
1139 3906 1167 3969 (l.
1184 3911 1243 3971 m),
1259 3908 1309 3957 cfr.
1326 3909 1396 3958 Iust.
1413 3911 1450 3969 12,
1466 3911 1489 3970 2,

341 3990 384 4038 11:
401 3988 549 4038 Alexander
564 3987 626 4036 bello
642 3988 788 4049 Apulorum
804 3986 882 4045 abst.,·
899 4004 916 4035 a
934 3985 1047 4036 Sertorio
1063 3987 1126 4036 bello
1141 3987 1259 4038 abstinuit
1274 4005 1300 4052 p.
1322 3988 1490 4050 (ASERTO-

340 4068 474 4120 RIOBEL
487 4104 492 4117 .
505 4104 510 4117 .
523 4105 529 4117 .
540 4068 711 4119 BSTINUIT
728 4066 812 4132 coda
828 4086 846 4116 a
856 4066 969 4117 Sertorio
985 4068 1075 4118 betium
1091 4067 1209 4118 abstinuit
1224 4069 1254 4118 B.
1265 4096 1296 4105 -
1305 4070 1383 4131 lopati
1395 4099 1425 4106 -
1436 4071 1491 4119 eni-

341 4150 463 4213 stinsaret]
481 4148 525 4198 Sic
541 4149 572 4197 Β.
589 4147 682 4198 locum
698 4149 728 4197 in
745 4147 804 4199 cod.
822 4153 988 4212 corruptum
1004 4148 1189 4212 probabiliter
1206 4148 1436 4200 emendaverunt.
1452 4151 1491 4200 M.

341 4234 536 4294 proposuerat:
553 4229 631 4291 lepati
644 4229 712 4279 ultro
728 4230 790 4278 citro
805 4231 905 4278 remissi
919 4235 980 4292 sunt,
996 4236 1024 4279 ut
1042 4247 1119 4279 unum
1134 4247 1158 4279 se
1171 4231 1254 4280 Cinna
1269 4232 1425 4292 superiorem
1441 4249 1490 4293 ap-

338 4310 464 4372 pellaret;
490 4309 599 4359 Keilius
622 4310 652 4372 (l.
668 4325 690 4359 c.
715 4326 740 4374 p.
764 4311 822 4372 618)
838 4309 960 4373 Appiani
984 4311 1077 4361 verbis
1093 4311 1138 4373 (Β.
1165 4312 1192 4361 C.
1209 4312 1229 4374 1,
1251 4311 1283 4360 69
1307 4314 1352 4358 τοῦ
1371 4304 1488 4366 δ’ἄστεως

343 4385 434 4439 ἑκατὸν
455 4414 487 4424 -
508 4383 550 4436 διὰ
568 4385 660 4457 μάχης
679 4383 987 4456 μιᾶς)1111111,111111111
1008 4408 1105 4442 curasse
1123 4392 1206 4443 Cinna
1222 4392 1379 4454 superiorein
1394 4398 1492 4443 senatus
