3309 5167
852 309 1009 369 -22-

352 460 449 498 corum
466 445 636 512 scriptorum
654 460 734 510 opera
753 444 838 509 longa
854 441 1058 493 consuetudine
1068 440 1190 503 triverit,
1201 440 1250 504 qui
1263 455 1295 490 ea
1307 437 1359 489 tali
1376 436 1457 489 modo
1473 436 1502 488 in

351 528 484 579 Latinam
502 528 630 593 linguam
646 525 824 577 transferret.
839 523 910 577 Vide
927 523 1002 588 quod
1018 522 1220 574 adnotavimus
1231 519 1267 571 ad
1285 520 1332 571 lib.
1344 519 1502 570 XXVIIIB

351 612 387 672 (p.
404 610 452 670 10).
470 638 501 646 —
517 608 549 658 ab
564 608 595 672 is]
612 608 655 671 a,
671 606 703 656 ab
719 605 759 655 inis
774 603 834 657 cod.
850 610 880 655 et
894 621 920 669 p.
937 632 968 642 -
982 610 1005 654 et
1021 620 1066 653 nec
1080 602 1145 665 ipsis
1160 630 1192 639 -
1212 600 1343 650 incolumis
1363 600 1429 663 esset]
1441 599 1501 649 Hoc

350 689 535 739 enunciatum
551 686 689 751 superiori
704 687 790 747 itaque
800 714 831 722 —
845 685 953 748 effupere
964 683 1036 734 male
1048 682 1228 734 connectitur
1239 686 1325 745 atque
1337 679 1408 731 illud
1422 684 1501 731 ante-

351 768 448 819 cedere
464 767 555 820 debet.
578 766 790 818 Dieckmannus
801 769 852 829 ‚(p.
868 766 899 815 36
914 764 946 815 in
963 763 1039 827 adn.)
1062 763 1109 814 hio
1125 779 1237 828 quoque
1259 760 1414 813 sententias
1430 762 1502 811 male

352 848 427 902 inter
443 864 472 899 se
487 846 622 911 coniungi
639 845 792 908 existimat,
807 844 883 910 quod
899 844 1064 896 Licinianus
1075 843 1258 895 enuntiatum
1273 848 1296 893 et
1310 858 1356 892 nec
1370 843 1434 904 ipris
1448 846 1501 893 etc.

351 930 381 979 in
397 930 504 980 Graeco
520 928 597 979 fonte
613 927 720 978 causali
736 926 835 990 aliqua
851 925 993 991 particula
1009 941 1075 976 cum
1091 922 1268 976 antecedenti
1287 922 1354 974 nihil
1369 922 1501 985 indipnurn

350 1037 380 1047 -
396 1010 503 1072 effupere
518 1008 710 1069 coniunctum,
728 1007 821 1071 inepte
835 1023 902 1057 suae
913 1006 1069 1071 particulae
1086 1024 1100 1054 ι(
1112 1011 1135 1055 et
1147 1023 1160 1053 n
1177 1021 1227 1070 ope
1237 1003 1423 1068 copulaverit.
1435 1003 1504 1054 Rec-

350 1088 409 1139 tius
425 1090 512 1139 Bonn.
529 1088 626 1153 (praef.
650 1086 772 1148 xvim:
799 1085 943 1137 Memorato
969 1084 1064 1136 Scauri
1077 1091 1156 1135 nwrte
1181 1101 1231 1134 non
1253 1085 1371 1136 sustinuit
1395 1083 1440 1145 qui
1456 1083 1504 1132 has

350 1168 471 1219 historias
485 1167 632 1230 eacerpebat
656 1168 768 1217 omittere
780 1167 827 1216 hoc
844 1166 976 1217 Romanae
1001 1166 1103 1216 uirtutis
1121 1165 1244 1227 specinwn
1259 1164 1413 1227 addiditque
1433 1163 1504 1214 illiue

347 1267 414 1310 suae,
431 1266 508 1312 quam
520 1250 640 1309 nouimus,
649 1249 796 1311 particulae
806 1264 861 1310 ope.
872 1246 1047 1299 Schmidtius
1057 1248 1087 1311 (l.
1099 1251 1147 1310 m.)
1163 1247 1248 1298 velit:
1265 1248 1350 1309 itaque
1363 1247 1505 1308 interfectus

351 1338 385 1381 est
401 1348 456 1381 cum
472 1337 552 1393 posset
567 1331 675 1394 effupere
690 1346 778 1398 necem,
793 1329 880 1392 ipsum
892 1329 1033 1392 petentibus
1057 1329 1151 1378 ducan.
1166 1329 1210 1378 sed
1233 1328 1282 1379 bac
1297 1328 1328 1377 de
1344 1344 1372 1377 re
1386 1327 1505 1377 abstinuit

350 1411 502 1462 uerecundia
518 1418 544 1462 ut
560 1412 651 1460 arndeo
667 1412 779 1462 exacdu
793 1411 927 1461 incolumis
944 1403 1305 1474 asa(v.comm.).lt1atttue]
1320 1408 1434 1459 Manlius
1444 1406 1505 1458 cod.

352 1493 392 1554 (in
410 1492 456 1542 fol.
473 1493 515 1543 IlI
531 1508 554 1541 r.
567 1491 702 1553 Manilius)
718 1508 744 1555 p.
755 1492 787 1541 B.
803 1491 898 1541 Etiam
908 1490 939 1541 in
955 1490 1076 1541 aliorum
1087 1490 1256 1555 scriptorum
1268 1488 1412 1542 codicibus
1423 1488 1505 1539 modo

352 1590 366 1620 «
379 1572 518 1622 Manlius»
534 1570 616 1636 modo
633 1589 646 1619 «
660 1570 784 1621 Manilius
795 1591 808 1617 ι
825 1571 995 1631 invenimus,
1007 1569 1055 1621 sed
1066 1586 1166 1621 verum
1179 1585 1287 1632 nomen,
1301 1574 1335 1620 ut
1345 1585 1380 1619 ex
1392 1567 1505 1632 inscrip

352 1652 479 1702 tionibus
495 1652 534 1715 (C.
550 1652 571 1701 Ι.
588 1652 618 1701 L.
635 1652 671 1702 X.
688 1651 761 1716 1781,
779 1651 808 1702 C.
819 1651 841 1701 I.
851 1652 885 1703 G.
896 1651 971 1713 2485)
981 1647 1145 1715 accepimus,
1157 1650 1255 1715 procul
1277 1648 1363 1700 dubio
1379 1654 1422 1700 est
1438 1647 1506 1699 Mal·

352 1731 409 1783 lius
424 1731 598 1796 (Maximus).

399 1814 430 1863 B.
445 1813 540 1863 Huius
556 1813 703 1863 columnae
720 1827 818 1878 margo
835 1812 956 1864 exterior
973 1829 1177 1877 nonnunquam
1203 1813 1322 1864 avulsus
1346 1818 1397 1876 est,
1414 1812 1455 1863 ita
1471 1815 1507 1863 ut

354 1909 412 1945 una
421 1895 545 1945 alterave
553 1893 651 1944 littera
663 1893 798 1945 excidisse
808 1893 949 1945 videatur.
961 1912 1017 1959 p.-
1026 1900 1049 1944 et
1059 1912 1115 1944 cnm
1126 1894 1282 1947 Rhodanum
1297 1896 1434 1945 traiecisset
1444 1894 1505 1958 etc]

353 1975 546 2039 epitomatoris
562 1974 657 2039 potius
673 1974 853 2040 neglegentia
870 1990 955 2039 quam
972 1974 1076 2026 codicis
1095 1975 1256 2039 corruptela
1278 1965 1453 2037 factumest,
1471 1979 1506 2024 ut

354 2054 428 2119 quod
439 2054 546 2106 dicitur
557 2054 590 2106 de
602 2054 738 2120 Caepione
747 2055 782 2106 ad
792 2055 924 2107 Mallium
934 2058 1031 2108 referri
1042 2055 1176 2107 videatur
1186 2060 1224 2119 (v.
1233 2054 1260 2106 d.
1272 2071 1300 2107 n.
1308 2055 1339 2106 in
1348 2056 1408 2107 Riv.
1417 2054 1447 2105 di
1453 2054 1506 2105 Fit.

355 2152 391 2187 m.
401 2153 426 2201 p.
438 2137 534 2199 280).-
545 2153 622 2198 neque
637 2136 734 2186 adduci
746 2138 997 2202 potuit-iunperet]
1015 2138 1092 2188 Haec
1108 2138 1196 2188 verba
1212 2137 1243 2188 in
1258 2137 1319 2188 cod.
1328 2142 1414 2200 atque
1430 2135 1507 2200 apud
1601 2134 1606 2138 ’

352 2235 378 2282 p.
394 2223 423 2269 et
440 2218 617 2283 B.leguntur
626 2223 689 2281 post
696 2234 745 2267 non
754 2219 825 2280 tonpe
841 2236 859 2267 a
876 2217 1209 2279 Maltiicastrbconetituta,
1226 2217 1274 2269 sed
1290 2218 1349 2269 illic
1366 2234 1398 2269 ea
1408 2218 1508 2268 inloco

354 2315 410 2349 non
419 2297 518 2349 idoneo
528 2314 585 2349 esse
593 2298 663 2349 satis
672 2303 795 2362 apparet,
805 2314 870 2350 cum
880 2314 970 2363 neque
981 2298 1018 2350 ad
1034 2299 1173 2363 Mallium,
1184 2299 1234 2363 qui
1244 2298 1396 2361 Caepionem
1412 2305 1507 2349 orasset

353 2385 380 2429 ut
396 2380 476 2442 copiis
491 2380 584 2429 iunctis
603 2375 688 2431 Gallis
704 2380 849 2441 resisterent,
866 2379 1013 2431 referenda
1030 2380 1095 2442 sint,
1112 2396 1203 2444 neque
1219 2378 1254 2431 ad
1267 2379 1432 2444 Caepionem
1448 2379 1508 2443 qni,

353 2464 416 2524 post
431 2458 539 2510 cladem
557 2464 707 2523 acceptam,
724 2460 837 2511 nullum
855 2460 1011 2511 exercitum
1028 2460 1146 2526 iungere
1163 2461 1302 2525 potuisset
1312 2462 1358 2524 (cf.
1374 2460 1506 2511 Bursian.

353 2541 371 2590 l.
388 2557 424 2590 m.
441 2557 466 2604 p.
482 2541 547 2603 650).
558 2540 598 2590 Eo
609 2539 760 2590 enunciata
772 2555 816 2591 res
833 2539 901 2591 addi
911 2541 1027 2591 videtur
1039 2557 1096 2605 qua
1109 2541 1199 2605 magis
1211 2540 1357 2607 magisque
1368 2540 1398 2591 in
1410 2547 1508 2605 aperto

353 2620 405 2671 fiat
421 2625 531 2684 quanta
548 2619 687 2684 superbia,
703 2626 771 2671 ante
788 2620 926 2685 proelium
944 2638 1000 2685 quo
1023 2621 1191 2688 profligatus
1208 2628 1256 2685 est,
1276 2622 1376 2686 (laepia
1394 2638 1423 2673 se
1446 2637 1509 2686 ges-

353 2702 429 2752 serit.
446 2703 474 2752 Is
490 2701 597 2753 scilicet
614 2701 727 2753 traiecit
736 2701 850 2766 quidem
861 2701 1040 2765 Rhodanum,
1057 2701 1105 2753 sed
1123 2708 1217 2754 castra
1230 2704 1331 2754 castris
1342 2703 1433 2754 Mallii
1445 2719 1508 2754 oon·

353 2782 471 2848 iungere
487 2782 581 2833 noluit
606 2785 644 2844 (v.
660 2782 742 2833 Dion.
760 2783 834 2833 Cass.
851 2784 885 2833 fr.
900 2784 933 2832 89
948 2784 1033 2834 Melb.
1046 2777 1102 2831 οὔτε
1114 2779 1138 2831 ἐν
1150 2787 1185 2849 τῷ
1196 2778 1266 2849 αὐτῷ
1278 2777 1368 2850 χωρίῳ
1378 2776 1507 2851 ηὐλίσατο

357 2856 414 2909 οὔτε
432 2875 456 2908 τι
476 2855 611 2928 βούλευμα
628 2859 712 2910 κοινὸν
732 2856 899 2928 ἐποιήσατο),
922 2869 955 2913 ut
972 2864 1017 2915 sui
1036 2865 1178 2915 exercitus
1193 2880 1338 2915 summum
1357 2863 1508 2930 imperium

356 2948 491 2994 servaret.
506 2943 717 2994 Dieckmannus
734 2947 770 3008 (p.
789 2943 820 2994 32
837 2943 867 2995 in
891 2943 976 3007 adn),
992 2945 1050 3009 qui,
1075 2946 1306 3010 quotiescumque
1324 2945 1385 2996 fieri
1409 2949 1516 3009 potest,

355 3022 495 3074 Liciniani
511 3024 556 3074 sui
569 3039 684 3074 causam
701 3029 771 3087 orat,
783 3025 824 3074 ita
841 3040 901 3075 rem
917 3022 1056 3089 erplicare
1068 3030 1200 3077 conatur:
1219 3025 1349 3089 librarius,
1362 3025 1464 3090 inquit,
1477 3025 1510 3075 ab

356 3104 431 3165 NEQ
447 3104 615 3167 (ADDUOI),
633 3104 743 3166 quadiu
759 3104 897 3167 archetypo
909 3112 968 3167 post
988 3128 998 3148 ‹
1008 3106 1109 3155 voluit»
1131 3112 1194 3167 erat,
1215 3106 1346 3157 abaram
1361 3106 1462 3158 uidetur
1472 3106 1509 3155 ad

355 3184 426 3250 NEC
443 3185 642 3248 (LEGATUS),
658 3184 725 3246 quod
741 3184 812 3234 haud
828 3185 934 3235 multum
950 3185 1055 3246 aberat;
1073 3186 1163 3235 deinde
1179 3203 1235 3236 curn
1250 3186 1373 3250 defectum
1389 3186 1511 3235 animad-

354 3267 474 3325 vertisset,
490 3266 568 3315 uerba
596 3281 708 3330 «neque
723 3294 754 3304 —
771 3266 926 3331 iungeret»
954 3268 983 3317 in
1006 3269 1121 3329 ntarpine
1143 3268 1263 3331 paenae,
1287 3268 1352 3317 unde
1369 3275 1457 3330 postea
1480 3285 1511 3317 ea

354 3346 421 3408 falso
438 3346 490 3395 loco
503 3346 531 3395 in
542 3352 635 3397 textum
650 3347 745 3396 vendre
754 3347 920 3398 iudicandum
931 3354 973 3397 est.
989 3377 1019 3385 —
1035 3348 1072 3398 ad
1090 3365 1166 3398 arma
1189 3348 1308 3399 redirent.
1325 3355 1401 3411 capta
1409 3356 1512 3411 postero

354 3426 396 3475 die
412 3426 507 3490 castra]
526 3426 647 3477 Bursian
663 3431 698 3490 (o.
715 3443 751 3499 m.
771 3426 869 3493 l..m.);
885 3435 912 3478 ut
928 3429 1063 3490 desperata
1083 3446 1149 3492 pace
1167 3441 1231 3481 <ee
1246 3436 1451 3484 converterent>
1474 3432 1512 3478 ad

357 3507 533 3568 oppupnanda
554 3513 656 3569 postero
680 3508 723 3557 die
748 3515 835 3559 castra
850 3509 903 3558 eiua
915 3508 969 3574 M.;
990 3514 1017 3560 ut
1032 3509 1101 3572 deep.
1119 3526 1148 3572 p.
1163 3510 1332 3560 adorerentur
1351 3516 1453 3572 postero
1469 3511 1511 3559 die

356 3592 442 3635 caetra
458 3587 511 3636 eius
525 3588 561 3652 Β;
577 3588 713 3649 despaaa
726 3604 792 3650 pace
807 3587 986 3651 adpupnarent
1003 3596 1089 3639 castra
1100 3591 1146 3652 (cf.
1162 3591 1227 3641 Tac.
1238 3591 1306 3641 Ana.
1317 3591 1363 3654 IV,
1379 3591 1422 3653 48)
1435 3590 1509 3641 Keil.

354 3667 383 3729 (Ι.
401 3682 435 3716 m.
453 3682 515 3731 pag.
532 3666 598 3730 628).
615 3666 668 3717 Sed
684 3683 751 3719 cum
768 3668 962 3718 Dieckmanno
977 3672 1013 3733 (p.
1030 3668 1061 3719 31
1075 3668 1106 3719 in
1122 3667 1198 3732 adn.)
1221 3685 1317 3720 omnes
1332 3669 1511 3721 coniecturas

354 3763 427 3810 quae
448 3754 567 3809 ‹capta›
590 3754 711 3811 mutent,
727 3748 883 3800 reiciendas
900 3765 957 3801 esse
979 3765 1132 3802 censemus.
1156 3749 1221 3802 Cod.
1244 3750 1382 3802 exhibet.
1400 3787 1406 3801 .
1424 3787 1430 3801 .
1445 3751 1511 3801 PA-

356 3827 508 3878 CEADOU.
519 3826 574 3890 .(in
585 3832 710 3878 extremo
719 3844 804 3879 versu
812 3830 845 3891 B,
856 3830 893 3889 17,
903 3828 978 3879 unde
987 3828 1059 3880 duae
1069 3829 1181 3881 litterae
1191 3829 1371 3886 exciderunt)
1379 3830 1511 3896 GAPTA,

359 3908 543 3971 quamobrem
558 3907 710 3959 verisimile
726 3908 843 3960 videtur
859 3909 934 3973 quod
950 3910 1108 3961 Bursianns
1124 3912 1152 3974 (l.
1170 3916 1218 3974 m.)
1233 3912 1345 3976 conicit,
1362 3911 1391 3962 id
1409 3917 1458 3974 est,
1475 3911 1511 3961 li-

361 3988 448 4037 brarii
466 3988 554 4038 oculis
570 3987 600 4038 in
617 3988 831 4041 antecedentem
847 4005 961 4041 versum
986 3991 1187 4042 aberrantibus
1203 3992 1245 4055 (in
1261 3992 1317 4043 line
1335 4009 1361 4043 v.
1378 3993 1409 4042 16
1424 3992 1510 4043 OUI'l'

354 4073 511 4132 postremae
524 4067 636 4120 litterae
645 4086 704 4120 voc.
716 4069 847 4133 submovit)
859 4069 968 4135 aliquid
977 4070 1114 4123 excidisse
1125 4072 1206 4123 velut
1219 4072 1273 4122 «ad
1281 4090 1359 4123 arma
1368 4073 1511 4123 redirent».

358 4148 400 4199 De
418 4148 507 4199 litteris
527 4155 625 4211 «capta
637 4167 659 4211 n,
674 4149 770 4215 iuquit
785 4168 818 4216 p,
836 4150 952 4202 dubitari
971 4168 1020 4201 non
1041 4158 1129 4216 potest,
1156 4170 1220 4215 quas
1233 4159 1311 4216 poter
1334 4169 1430 4217 quoque
1453 4152 1478 4203 lt.
1496 4152 1512 4205 l.

361 4234 460 4282 asan
474 4229 546 4281 uidit.
1330 4256 1332 4258 ·
