3309 5167
659 312 819 372 ..19-

133 485 136 492 .
212 444 242 494 B.
260 444 310 509 aes]
329 442 366 493 M.
384 440 522 508 correxit3
545 441 611 492 EST
633 438 693 492 ood.
710 469 741 480 -
758 442 875 515 εὐπάτωρ
890 441 1043 508 appetatur]
1064 442 1103 494 M.
1119 471 1150 481 -
1166 442 1316 510 denegabat]

164 520 290 585 Kailios,
306 520 413 584 repebat
426 521 464 584 Β,
480 519 666 583 ianpebutcod.
678 525 749 585 etp,
767 520 818 585 qui
834 519 937 571 addere
953 522 983 571 in
1000 520 1066 571 adn.
1081 523 1157 572 immo
1171 538 1316 572 ceraunon

164 600 280 664 iungebat
291 619 304 649 n
321 600 438 664 maluit,
455 617 557 665 quem,
574 599 650 665 quod
666 602 697 651 B.
709 601 791 652 facile
815 605 986 667 potuerunt,
1003 601 1107 653 codicis
1124 602 1271 653 lectionem
1284 618 1312 652 e-

165 683 304 733 mendare.
322 710 351 719 -
371 681 515 746 puerulum]
533 682 580 746 B.3
594 698 706 743 puerum
727 682 765 732 M.
786 686 815 733 et
831 699 898 747 p.-
914 684 1003 748 aetate]
1031 684 1069 744 B,
1085 689 1191 733 aewtem
1207 681 1266 733 cod.
1284 709 1315 719 -

159 764 278 827 patriam
293 763 343 813 ati
355 764 416 828 iam]
434 763 479 813 Sic
493 778 545 827 ego
560 762 653 813 scribo
669 778 719 827 pro
735 764 857 825 patriam
871 763 920 813 riti
931 765 1006 814 etiam
1022 780 1038 815 a
1055 762 1114 814 cod.
1132 762 1199 814 dato
1218 779 1313 815 serva-

165 848 251 907 toque
265 859 282 893 a
297 860 322 908 p.
339 848 367 893 et
383 844 421 907 Β,
437 842 636 906 Mommsenus,
652 843 803 894 verborum
820 842 919 894 ordine
930 848 1049 906 mutato,
1066 845 1225 908 proposuit:
1241 839 1315 905 prae·

164 924 268 986 dicaret,
285 930 307 974 et
322 923 376 972 iam
392 923 502 974 Romam
517 923 632 985 patriam
647 922 696 972 sibi
717 939 783 982 esse5
799 928 830 973 at
846 930 869 972 et
885 925 921 974 ab
939 940 1110 975 amanuense
1127 922 1194 975 addi
1212 922 1314 988 potuit,

165 1009 199 1054 ut
214 1006 289 1053 ettam
306 1003 429 1054 haberet.
446 1031 477 1041 -
493 1038 517 1053 ..
531 1039 537 1054 .
550 1039 574 1054 ..
590 1040 596 1054 .
611 1004 618 1070 ]
636 1004 683 1069 B.;
699 1002 908 1056 Hirschfeldius
929 1004 1087 1070 supplevit:
1112 1006 1316 1057 misericordiam

166 1090 280 1149 senatm3
296 1084 379 1135 MIS.
396 1121 421 1136 ..
438 1083 499 1135 cod.
1312 1106 1314 1111 ’

172 1222 411 1230 --————.

215 1285 257 1358 Α.
275 1287 311 1340 Ρ.
329 1283 461 1358 Lentulo]
480 1284 554 1340 Cum
573 1285 711 1342 consules
724 1285 756 1339 P.
775 1283 863 1340 Corn.
882 1284 979 1356 Scipio
994 1285 1103 1341 Nasica
1117 1291 1147 1341 et
1162 1286 1192 1342 C.
1212 1288 1251 1342 M.
1266 1288 1312 1342 Fi·

168 1373 266 1444 gulus,
293 1392 368 1445 quos
395 1374 549 1430 Gracchus
577 1374 719 1430 docuerat
739 1376 814 1430 vitio
843 1381 959 1430 creatos
979 1392 1052 1443 esse,
1072 1393 1104 1431 se
1133 1378 1312 1448 magIstratu

168 1463 398 1533 abdicavissent,
427 1465 564 1521 consules
582 1464 700 1520 suffecti
728 1472 800 1521 sunt
825 1467 856 1519 in
885 1483 996 1520 annum
1015 1467 1068 1519 592
1088 1465 1139 1521 Cn.
1162 1466 1312 1522 Domitius

171 1551 365 1608 Aenobarbus
384 1559 416 1608 et
435 1553 468 1609 P.
492 1554 647 1609 Cornelius
666 1554 823 1609 Lentulus.
845 1586 877 1595 -
900 1571 959 1608 nori
979 1554 1042 1623 fuit
1061 1554 1261 1629 omittendum]
1284 1574 1312 1610 v·

168 1640 242 1712 disp.
262 1649 397 1697 nostram
416 1644 447 1697 in
467 1643 582 1699 Rivista
593 1643 627 1698 m·
643 1643 789 1715 Filolopia
809 1643 829 1698 l.
846 1662 886 1697 m.
905 1663 932 1715 p.
950 1644 1012 1697 281.
1023 1675 1056 1684 —
1072 1646 1172 1700 clarus
1189 1646 1236 1700 vir
1252 1645 1313 1714 fuit

169 1734 196 1786 ct
212 1751 236 1789 r.
254 1750 283 1803 p.
304 1730 389 1806 iavit]
417 1749 549 1788 summas
575 1732 679 1788 laudes
708 1735 736 1787 ei
765 1733 874 1787 tribuit
896 1735 987 1788 etiam
1007 1734 1127 1803 Cicero,
1147 1737 1196 1805 qui
1216 1734 1313 1790 airum

167 1822 342 1892 reipublicae
367 1822 580 1893 peritissimum
607 1826 634 1877 et
659 1823 835 1893 reipublicae
855 1828 992 1879 rectorem
1020 1828 1046 1878 et
1072 1824 1188 1880 consilii
1202 1823 1314 1895 publici

168 1916 314 1968 auctorem
332 1929 420 1983 saepe
435 1929 502 1966 eum
522 1919 612 1966 vocat
636 1914 680 1983 (v.
702 1915 738 1967 de
758 1914 838 1968 Orat.
861 1911 884 1980 l,
903 1914 946 1981 48,
965 1915 1018 1968 211
1041 1920 1072 1969 et
1097 1916 1229 1985 passim),
1248 1915 1313 1985 ple-

169 2020 295 2074 rumque
323 2021 395 2057 vero
420 2002 569 2073 principis
595 2007 715 2058 senatus
740 2004 859 2057 nomine
886 2002 1026 2074 designat
1051 2004 1098 2075 (de
1125 1997 1202 2059 Orat.
1236 2004 1255 2059 1.
1275 1989 1312 2061 m.

85 2163 91 2169 ι
168 2094 257 2149 Brut.
279 2091 423 2160 XXVIII,
443 2092 512 2161 108;
531 2094 567 2147 de
585 2095 636 2163 lep.
655 2109 716 2162 apr.
729 2091 770 2159 ΙΙ,
789 2092 832 2160 30,
846 2092 899 2161 82).
919 2091 1116 2163 Optimatium
1128 2093 1238 2162 fautor,
1257 2111 1313 2147 au-

168 2202 208 2238 no
227 2182 279 2241 633
299 2184 330 2236 in
349 2182 525 2237 Gracchano
545 2182 679 2237 tumultu
703 2181 880 2237 vulneratus
905 2182 993 2253 paulo
1013 2189 1081 2254 post
1101 2189 1237 2238 mortuus
1256 2181 1313 2238 est.

170 2305 204 2315 -
221 2273 351 2344 praetori
367 2271 489 2346 urbano]
503 2290 587 2327 anno
607 2273 660 2326 589
690 2271 853 2327 secundum
882 2272 1100 2328 Mommsenum
1119 2272 1167 2345 (R.
1186 2272 1234 2327 Gr
1253 2272 1312 2328 vol.

169 2363 218 2430 II,
238 2382 264 2434 p.
284 2363 347 2434 92),
368 2363 418 2433 qui
438 2361 474 2417 de
502 2380 576 2433 agro
595 2361 745 2433 Campano
766 2362 968 2433 recuperando
988 2361 1059 2417 dum
1086 2363 1238 2434 loquitur,
1258 2364 1313 2417 hac

169 2453 317 2506 Liciniani
336 2452 509 2505 narratione
522 2453 628 2520 utitur,
642 2469 700 2522 qua
719 2450 792 2505 haee
808 2469 826 2505 a
845 2451 986 2506 Cicerone
999 2450 1112 2506 tradita
1126 2454 1312 2524 complentur

169 2542 240 2615 (Cic.
258 2544 294 2597 de
312 2545 362 2612 lep.
381 2558 442 2613 apr.
461 2541 502 2609 Il,
521 2542 564 2609 30,
582 2542 645 2611 82):
673 2559 740 2597 cum
759 2559 778 2596 a
797 2541 957 2597 maiembus
974 2543 1082 2598 nostris
1105 2544 1142 2601 P.
1161 2546 1312 2611 Lentulus,

133 2693 134 2700 ,
168 2632 222 2703 qui
236 2631 373 2703 princeps
390 2635 511 2686 senatus
526 2631 595 2700 fuit,
615 2630 648 2687 in
669 2647 702 2686 ea
721 2634 782 2686 loca
811 2631 919 2686 missus
936 2636 1014 2697 esset,
1028 2637 1062 2687 ut
1076 2632 1210 2702 privatos
1228 2649 1313 2704 apros

169 2721 222 2793 qui
238 2721 270 2776 in
284 2721 437 2791 publicum
457 2722 642 2791 Campanum
669 2721 866 2788 incurrebant,
888 2721 1017 2791 pecunia
1031 2721 1152 2792 publica
1170 2725 1312 2790 coemeret,

169 2810 277 2865 (licitur
293 2809 476 2865 renuntiasse
494 2814 550 2864 etc.
569 2809 672 2879 Neque
692 2827 758 2864 cum
778 2809 825 2864 his
845 2814 981 2881 pugnant
999 2828 1075 2881 quae
1094 2810 1172 2882 apud
1191 2811 1312 2864 Livium

169 2899 278 2971 (XLII,
299 2900 343 2971 19)
370 2899 512 2970 leguntur
531 2901 550 2953 i.
570 2917 594 2954 e.
610 2917 664 2970 per
682 2899 904 2970 recopnitionem
932 2899 1081 2955 Postumii
1100 2900 1201 2956 Albini
1220 2901 1312 2972 (cons.

170 3007 248 3044 anno
267 2988 331 3061 581)
345 3006 488 3060 >mapsam
504 2992 619 3059 partem
638 2989 705 3060 apri
723 2989 871 3061 Campani
888 3006 974 3060 quem
989 2989 1104 3061 privati
1129 2991 1193 3045 sirie
1215 2990 1313 3045 discri-

168 3078 246 3134 mine
261 3079 375 3149 passim
390 3081 587 3149 possederant,
605 3082 806 3150 recuperatam
828 3079 861 3135 in
885 3079 1037 3150 publicam
1056 3096 1125 3144 esse,
1144 3083 1187 3135 M.
1206 3082 1313 3135 Lucre-

170 3169 244 3224 tium
262 3172 359 3223 autem
378 3168 529 3224 tribunum
544 3169 637 3239 plebis
650 3168 809 3239 posteriore
826 3185 906 3224 anno
932 3169 1008 3240 (582)
1031 3168 1263 3240 promulpaoisse
1280 3171 1315 3223 ut

169 3275 275 3329 aprum
295 3260 479 3331 Campanum
497 3275 628 3318 censores
644 3259 807 3328 fruendum
825 3261 959 3314 locarent.
979 3258 1064 3327 Nam,
1080 3263 1147 3328 post
1167 3258 1312 3313 Postumii

169 3349 434 3418 recuperationem,
448 3365 515 3402 cum
529 3365 715 3419 possessores
729 3349 911 3403 mansissent
924 3351 956 3402 in
971 3366 1044 3418 agro
1059 3350 1119 3402 iam
1133 3348 1313 3419 reipublicae

170 3437 337 3508 adsignato,
356 3436 515 3493 Lucretius
539 3438 605 3509 lege
631 3443 738 3494 suant
757 3456 830 3509 agro
850 3437 991 3493 cederent
1013 3455 1063 3493 eos
1082 3455 1189 3509 cogere
1208 3438 1313 3491 voluit.

171 3527 303 3592 Quicum
313 3526 391 3598 apud
406 3532 544 3583 senatum
553 3530 673 3597 gravati
688 3534 790 3583 essent
803 3530 894 3583 etiam
906 3528 1040 3599 privatos
1053 3545 1118 3582 esse
1131 3545 1221 3598 agros
1234 3528 1313 3581 inter

171 3618 352 3688 reciperatos
371 3632 445 3684 quos
464 3619 529 3671 iure
547 3635 601 3673 suo
620 3617 800 3686 obtinerent,
820 3622 953 3684 senatus,
972 3621 1088 3670 utrem
1115 3622 1313 3686 componeret,

170 3707 333 3761 Lentulum
353 3709 516 3778 principem
534 3713 657 3763 senatus
676 3707 748 3781 (non
775 3697 904 3763 fortasse
920 3711 1083 3778 praetorem
1106 3710 1259 3772 urbanum,
1279 3713 1313 3759 ut

169 3797 343 3852 Licinianus
362 3797 446 3868 dicit)
466 3799 583 3853 misisse
607 3798 735 3864 videtur,
756 3799 806 3869 qui
819 3815 926 3868 agrum
940 3798 991 3868 qui
1006 3796 1157 3851 diceretur
1175 3798 1313 3867 privatus

171 3893 328 3956 coemeret,
348 3887 398 3942 sed
417 3887 575 3942 fruendum
587 3888 771 3959 relinqueret
789 3887 1010 3958 possessoribus
1026 3903 1151 3941 «annuo
1159 3886 1254 3956 pretio
1273 3887 1313 3940 in·

171 3976 255 4032 dicto.
269 3999 279 4025 ι
298 4007 332 4016 -
345 3994 449 4047 aprum
457 3976 652 4051 Campanum]
666 3979 747 4048 Ager
760 3976 877 4049 Capuae
891 3983 921 4031 et
934 3976 1131 4030 finitimarum
1146 3977 1313 4042 civitatum,

170 4067 221 4136 qui
240 4082 318 4120 anno
337 4065 389 4120 543
409 4085 435 4120 u.
456 4084 528 4137 ager
547 4066 683 4137 publicus
697 4066 895 4121 denuntiatus
915 4071 988 4132 erat,
1004 4065 1198 4136 sequentibus
1218 4066 1313 4136 reipu-

170 4155 264 4210 blicae
284 4155 467 4227 temporibus
481 4158 641 4210 maximam
655 4161 771 4227 partem
785 4157 814 4210 in
829 4157 1016 4226 privatorum
1031 4155 1249 4225 possessionem
1265 4172 1313 4209 ve·

172 4251 257 4300 neret
269 4245 401 4317 (Momm.
411 4245 429 4300 l.
441 4246 499 4316 m).
509 4276 539 4293 -ι
554 4245 634 4302 milia
644 4243 872 4319 quinquaqinta]
886 4244 967 4300 mitia
977 4243 1157 4299 addiderunt
1166 4244 1198 4298 B.
1213 4243 1313 4299 verbis

171 4336 321 4391 Ciceronis
335 4337 397 4391 alxi
410 4336 461 4408 (aa
474 4337 531 4392 Att.
543 4335 583 4404 Il,
596 4335 638 4402 16,
650 4336 690 4407 1):
706 4335 800 4391 omnis
812 4333 987 4405 suspectatio
1000 4333 1164 4405 tarpitionis
1176 4334 1312 4404 aprariac

170 4425 202 4481 in
220 4442 326 4500 aprum
346 4426 531 4500 Campanum
550 4426 664 4484 videtur
682 4441 740 4482 esse
757 4425 898 4495 derivata,
912 4424 965 4499 qui
982 4441 1051 4499 aper
1069 4427 1102 4480 ut
1120 4426 1196 4482 dena
1211 4423 1312 4496 iupera
