3309 5167
667 322 826 382 ..37-

170 462 282 522 putaret.
298 484 329 496 -
345 455 461 506 laniculo
476 456 581 520 potitur]
599 457 637 507 M.
654 485 684 494 —-
701 458 747 519 qui
757 494 857 507 ......
869 431 981 517 iupulati
1002 443 1076 521 aunt]
1092 433 1130 519 B,
1148 457 1196 521 qni
1214 457 1244 508 in
1262 456 1328 508 adn.

172 540 264 590 locum
280 542 446 601 corruptum
462 537 576 601 punctis
593 535 749 587 indicatum
767 538 807 587 sic
824 536 1031 588 emendandum
1042 542 1172 588 censent:
1189 540 1235 599 qui
1249 538 1323 600 depo

170 625 273 670 ruerant
287 636 371 669 arnna.
388 618 445 669 Nos
461 617 630 668 conicimus:
647 619 694 679 qui
706 619 784 682 capti,
800 618 869 667 iussu
886 618 977 678 Marii,
993 617 1038 669 vel
1054 620 1101 680 qui
1122 619 1199 683 eapti,
1216 625 1243 669 ut
1260 619 1322 669 Ma·

171 702 227 750 riute
241 701 319 761 iuuit,
335 699 446 762 iupulati
458 704 515 749 runt
530 699 609 761 (Qus
624 698 911 750 ...DrLAMARIUS
928 697 999 762 cod.)
1010 728 1041 736 -
1053 706 1105 749 tum
1115 699 1226 750 tradidit
1235 716 1260 749 ae
1275 700 1323 749 ini

105 820 108 824 .
171 782 242 845 mico]
261 781 350 831 Miror
365 782 453 830 Bonn.
469 778 532 830 edd.
548 786 635 844 atque
650 780 707 830 fere
723 781 880 844 omnesqui
893 779 922 830 in
934 779 1116 831 emendandis
1128 779 1323 844 Liareliquiis

172 861 276 913 versati
293 865 362 912 sunt
378 860 488 911 litteras
504 859 563 911 cod.
580 860 947 912 TRADIDISSEINIMICO
970 861 1052 925 plane
1068 860 1238 927 neglexisse3
1263 878 1322 910 cou-

172 949 214 992 tra
225 978 231 992 .
244 978 250 991 .
264 979 270 991 .
282 942 319 991 iti
333 942 387 1006 Ma,
402 941 489 992 obiicit
503 958 528 991 re
542 942 646 990 inimico
661 958 687 1005 p.
703 941 761 993 Nos
777 940 911 992 adverbio
935 947 988 992 tum
1004 941 1114 992 litteras
1130 946 1188 992 tres
1205 941 1320 992 avulsas

171 1022 379 1087 supplevimus3
395 1020 468 1086 quod
486 1020 521 1072 ad
537 1026 642 1072 ceteras
659 1021 770 1083 attinet,
780 1022 820 1072 ita
837 1021 1058 1085 interpretamur
1067 1021 1176 1073 tradidit
1183 1039 1208 1072 re
1218 1023 1323 1072 inimico

172 1102 253 1166 quasi
270 1101 383 1156 dicatur
399 1108 476 1152 lotum
490 1119 515 1151 re
530 1103 557 1152 in
567 1103 659 1153 horum
674 1102 778 1152 imminit
793 1108 846 1152 aut
861 1102 960 1152 italice
971 1120 985 1150 u
997 1103 1021 1152 ei
1029 1103 1157 1164 precipio
1168 1105 1208 1153 rut
1225 1103 1322 1152 nemina

171 1201 189 1232 a
204 1200 282 1246 corpo
296 1183 406 1245 pardulo
418 1200 440 1232 u.
456 1211 486 1221 -
504 1182 633 1247 Milonius]
646 1182 684 1233 M.
695 1211 726 1219 —
737 1181 918 1247 mbummntur]
937 1182 993 1247 M.;
1010 1210 1040 1219 -
1057 1183 1205 1248 ceciderunt]
1222 1184 1270 1248 B.;
1286 1182 1323 1233 iln'
1402 1240 1404 1244 ¹

171 1266 303 1326 perierunt
320 1265 357 1314 Μ.
374 1292 404 1301 -
419 1265 469 1328 rea]
488 1281 513 1328 p.
528 1264 559 1314 B.
575 1261 623 1314 sed
647 1279 782 1313 numerus
806 1264 939 1326 incertae,
957 1279 1022 1313 cnm
1038 1268 1097 1314 tres
1121 1263 1233 1315 litterae
1247 1264 1322 1314 mitia

171 1343 367 1410 praecedentes
383 1345 413 1395 in
430 1344 489 1395 cod.
506 1343 670 1395 exciderint.
688 1372 719 1381 -
735 1344 864 1409 Aebutius]
883 1345 922 1395 M.

217 1426 249 1475 B.
261 1427 345 1488 potuit
355 1427 417 1489 oapi
426 1452 456 1464 -
467 1425 577 1490 impulit]
587 1425 706 1476 Siccam
715 1424 835 1475 Franok.
853 1430 890 1489 (p.
904 1426 963 1488 241)
979 1430 1009 1476 et
1024 1424 1218 1476 Dieckmanno
1233 1431 1263 1489 (p
1273 1462 1279 1475 .
1289 1425 1321 1474 56

171 1505 237 1557 adn.
244 1510 271 1569 5)
279 1506 309 1557 in
318 1507 394 1557 hunc
402 1506 495 1557 locum
503 1506 651 1557 lectionem
661 1504 765 1556 Pertzii
775 1505 961 1569 restituimus
971 1507 1075 1557 reiecta
1084 1509 1172 1557 Bonn.
1181 1507 1322 1557 coniectu·

171 1603 203 1637 ra
212 1606 218 1637 1
226 1589 311 1649 potuit
321 1588 383 1649 capi
392 1587 537 1637 Ianiculum
545 1587 630 1637 eodem
639 1586 679 1636 die
690 1589 716 1631 <
730 1587 780 1635 uiri
791 1608 817 1648 >
828 1587 967 1649 Pompeius
976 1589 1047 1638 ultra
1058 1588 1190 1639 Octauium
1198 1585 1323 1649 propredi

167 1686 258 1732 patrue
266 1686 314 1718 non
323 1670 443 1731 fuisset-
452 1674 475 1718 et
482 1676 509 1718 ut
520 1667 638 1719 Croesum
646 1674 774 1718 reuocaret
781 1667 885 1728 impulit
894 1684 937 1733 -3
948 1668 1108 1720 Ianiculum
1113 1668 1187 1719 enirn
1197 1684 1228 1718 eo
1237 1667 1283 1717 die
1291 1682 1321 1716 re

169 1766 237 1802 vera
245 1754 361 1814 captum
370 1754 420 1806 est,
429 1754 463 1800 nt
472 1750 558 1801 verba
569 1749 713 1813 superiora
729 1747 804 1798 ceteri
819 1750 1028 1801 summouenturet
1040 1750 1185 1815 Appianus
1193 1749 1222 1811 (l.
1232 1765 1267 1799 m.
1278 1748 1321 1810 68)

169 1836 197 1883 et
214 1831 276 1882 Liv.
287 1831 349 1881 Per.
365 1831 397 1881 80
412 1834 564 1882 testantur.
580 1858 611 1872 -·
626 1834 690 1897 eum]
707 1834 737 1883 B.
749 1817 906 1897 (EUmcod.);
921 1847 971 1882 nos
982 1832 1106 1881 auibitum
1115 1830 1277 1881 conicimus.
1289 1857 1319 1866 -

169 1914 231 1974 quia
246 1912 346 1963 timebat
361 1927 461 1963 urnam.
477 1913 508 1978 et]
526 1913 571 1963 Sic
587 1913 685 1977 procul
702 1911 789 1964 dubio
806 1912 926 1979 legenda
942 1918 1010 1964 sunt
1021 1912 1109 1964 verba
1125 1910 1184 1961 cod.
1196 1911 1259 1972 QUI
1275 1911 1321 1962 Tl-

169 1977 422 2059 MEBATURNi3
446 1996 492 2055 qui
507 1994 654 2057 timebatur,
677 2011 737 2044 nam
753 2011 777 2059 p.
794 1999 822 2045 et
837 1995 867 2043 B.
884 1993 933 2057 qui
951 1992 1107 2043 adnotant:
1123 1992 1204 2053 «quia
1219 1991 1322 2040 timebat

168 2088 272 2124 urnam.
282 2079 304 2123 et
313 2094 325 2120 »
335 2074 469 2135 leporemua
483 2075 533 2123 uiri
547 2073 614 2135 quod
625 2072 737 2125 Horatio
753 2072 820 2137 (Sat.
835 2074 872 2133 II,
889 2077 910 2134 l,
918 2076 963 2135 47)
973 2073 1046 2122 licuit
1056 2072 1221 2121 historiarum
1236 2071 1320 2132 eomp-

171 2156 222 2204 tom'
235 2172 284 2204 non
300 2155 412 2204 licuisset.
428 2155 505 2205 Haec
521 2161 564 2205 est
587 2156 710 2219 profecto
733 2156 896 2219 praesertim
919 2154 951 2203 in
968 2151 1142 2204 emendando
1166 2151 1321 2213 Liciniam,

169 2234 233 2299 puri
245 2234 380 2285 sermonis
391 2235 480 2285 nimia
491 2235 606 2300 religi03
617 2239 741 2285 ceterum
753 2253 766 2283 u
779 2236 824 2297 qui
836 2236 989 2285 timebatur·
1005 2233 1055 2285 vix
1071 2232 1193 2297 aliquem
1206 2247 1318 2282 sensnm

170 2316 291 2379 praebet.
303 2315 511 2367 Hirschi'eldius
523 2315 651 2382 proponit
662 2313 749 2379 (apud
762 2314 886 2370 Dieckm
900 2331 924 2379 p.
940 2315 970 2364 57
983 2313 1048 2364 adn.
1057 2315 1084 2376 2)
1095 2314 1155 2362 dum
1167 2312 1315 2370 timebatur;

169 2413 228 2445 nam
244 2400 296 2447 eto.
312 2424 344 2436 -
359 2398 464 2461 sanatur]
482 2397 522 2446 sic
537 2401 612 2447 recte
629 2396 790 2447 emendavit
806 2395 917 2446 Keilins
932 2399 969 2459 (p.
986 2395 1033 2444 642
1049 2409 1098 2458 pro
1109 2394 1231 2443 SENEX
1242 2391 1318 2456 quod

169 2473 228 2525 cod.
255 2475 384 2539 exhibet,
401 2492 427 2526 v.
443 2478 553 2537 comm.)
568 2504 599 2513 -
614 2475 731 2538 ipnotilir
747 2475 860 2539 quidam]
878 2475 908 2525 in
925 2474 985 2524 cod.
1001 2479 1064 2538 post
1073 2493 1086 2522 u
1097 2474 1188 2523 hortem
1202 2491 1214 2520 a
1224 2473 1318 2537 legun·

170 2560 234 2621 tur,
249 2555 280 2606 in
297 2556 373 2607 hunc
390 2557 483 2607 locum
499 2560 736 2621 transposuerunt
752 2557 782 2606 B.
799 2584 829 2593 —
853 2556 1017 2620 imprecatur]
1040 2561 1161 2617 precatur
1183 2560 1205 2603 et
1221 2554 1317 2615 impre-

170 2643 239 2686 catur
255 2635 330 2702 cod.;
347 2643 550 2700 «prevaleret»
568 2638 635 2699 quod
651 2637 787 2687 librarium
802 2638 856 2687 iam
883 2639 981 2699 punctis
1004 2637 1131 2687 induxisse
1153 2634 1320 2697 rapiamur,

170 2717 307 2769 delendum.
323 2720 353 2768 B.
367 2746 399 2757 -
414 2720 585 2783 praerupium]
604 2720 634 2769 Β.
649 2718 814 2781 praeludium
831 2719 861 2769 P.

224 3003 260 3055 A.
282 3002 362 3057 Ostia
375 3004 444 3057 urbe
453 3000 574 3075 potitur]
590 3019 640 3073 per
654 3000 853 3073 proditionem
866 2999 995 3055 Marium
1008 3000 1092 3055 Ostia
1107 3001 1235 3071 potitum
1249 3014 1314 3054 esse

172 3092 262 3144 etiam
281 3091 360 3145 Plut.
378 3094 467 3161 (Mar.
486 3093 533 3162 42)
552 3090 653 3145 tradit.
674 3092 826 3162 Appianus
846 3090 919 3144 dicit
938 3095 1057 3145 tantum
1078 3091 1178 3145 ’tiniae
1198 3088 1250 3144 εἷλε
1270 3093 1315 3144 καὶ

170 3179 300 3254 διήρπαζε,
321 3198 416 3251 neque
436 3200 502 3236 cum
530 3182 586 3235 hac
615 3181 791 3252 proditionis
821 3181 995 3235 narratione
1024 3187 1143 3235 tantum
1173 3188 1316 3251 pugnant,

170 3276 315 3340 quantum
334 3270 537 3325 Dieckmanno
547 3271 688 3326 videntur
700 3270 805 3342 (praef.
825 3289 852 3342 p.
865 3271 920 3341 55),
935 3270 1028 3326 verba
1041 3274 1106 3326 Per.
1120 3271 1185 3325 Liv.
1203 3269 1313 3326 Ostiam

169 3359 312 3415 coloniam
334 3360 451 3416 Marius·
470 3360 652 3432 enpupnauit
669 3364 695 3414 et
713 3360 870 3415 crudeliter
888 3360 1021 3431 diripuit.
1035 3392 1069 3400 -
1079 3378 1133 3430 per
1157 3357 1314 3431 Valerium]

169 3466 277 3504 nomen
296 3449 379 3505 ducis
398 3452 482 3506 ouius
502 3450 669 3522 proditione
691 3449 805 3505 Marius
833 3449 948 3504 Ostiam
968 3455 1175 3521 occupaverat,
1195 3451 1313 3520 ignora-

173 3538 273 3594 batur:
292 3539 383 3595 i'uisse
403 3545 513 3610 tamen,
533 3546 567 3595 ut
589 3540 723 3594 Pertzius
738 3544 832 3610 putat,
851 3540 884 3593 L.
896 3539 1048 3594 Valerium
1063 3539 1211 3602 Flaccum,
1226 3556 1313 3608 quem

169 3648 194 3683 a.
214 3631 275 3697 668,
295 3636 509 3701 postmortem
530 3630 559 3685 O.
579 3630 675 3698 Marii,
696 3630 760 3684 eius
779 3628 843 3683 loco
863 3627 1008 3698 collegam
1027 3628 1085 3683 sibi
1098 3646 1115 3682 a
1128 3628 1161 3682 L.
1176 3626 1313 3682 Cornelio

169 3718 263 3773 Cinna
281 3719 421 3774 allectum
436 3737 500 3775 esse
514 3721 688 3791 accepimus,
703 3718 791 3789 plane
813 3719 961 3772 incertum
976 3722 1030 3771 est.
1044 3750 1076 3760 -
1092 3734 1143 3772 nec
1155 3716 1314 3786 Pompeiae

169 3839 200 3850 -
220 3808 371 3882 abstinuit]
391 3809 455 3862 Duo
475 3809 587 3879 proelia
605 3808 735 3875 inerunt,
749 3807 878 3862 alterum
897 3807 977 3859 inter
996 3805 1161 3860 Sertorium
1181 3812 1211 3860 et
1231 3805 1312 3859 Pom·

168 3898 265 3967 poium
285 3897 322 3951 ad
342 3904 457 3968 portam
477 3896 630 3965 Collinam,
651 3898 780 3951 alterum
800 3897 879 3949 inter
899 3894 1029 3949 Marium
1055 3901 1085 3949 et
1104 3894 1261 3949 Octavium
1281 3895 1311 3947 in

166 3986 315 4055 laniculo,
335 3986 482 4057 simulque
509 3993 595 4058 gesta
615 3992 695 4042 sunt.
724 4017 758 4029 -
784 3985 896 4059 palam]
915 4008 954 4037 =
979 3985 1043 4040 aine
1062 3984 1258 4040 haesitatione.
1279 4014 1311 4023 —

166 4076 254 4146 tepati
275 4108 305 4116 —
324 4075 512 4149 existimaret]
534 4076 574 4131 De
594 4076 702 4146 legatis
722 4077 851 4130 invicem
881 4076 918 4130 ab
945 4081 1071 4145 utraque
1101 4079 1185 4145 parte
1213 4074 1312 4127 missis

167 4167 271 4219 statim
291 4172 358 4237 post
372 4183 501 4236 pugnarn
516 4168 594 4220 inter
609 4165 781 4235 Pompeium
798 4171 828 4219 et
843 4165 1009 4219 Sertorium
1023 4163 1106 4217 nulla
1123 4163 1201 4234 apud
1216 4180 1312 4233 quem·

167 4273 255 4324 qnam
275 4260 322 4310 est
340 4257 461 4323 mentio,
481 4260 600 4325 praeter
619 4254 816 4320 Licinianum,
837 4256 888 4324 qui
905 4255 1043 4319 fortasse,
1064 4271 1145 4307 more
1173 4270 1235 4319 suo,
1265 4252 1312 4304 hio

166 4362 281 4416 quoque
300 4351 435 4416 tempora
455 4344 589 4399 confudit
602 4345 642 4416 (v.
658 4343 783 4398 Franok.
804 4343 881 4399 Diss.
897 4362 923 4414 p.
937 4345 1004 4412 uim
1025 4345 1055 4397 in
1071 4350 1165 4398 contr.
1180 4341 1312 4396 Dieckm.

167 4451 193 4506 p.
212 4435 247 4489 56
266 4433 333 4491 adn.
346 4434 382 4508 I).
399 4433 568 4492 Verisimile
581 4435 659 4490 enim
675 4438 721 4490 est
735 4437 888 4489 auctorem
902 4432 1048 4489 Liciniani
1064 4432 1235 4488 narravisse
1249 4436 1314 4487 tum
