3309 5167
845 270 991 330 ..48-

404 405 437 458 Β.
456 403 584 476 amplius
593 406 653 459 XX
659 401 773 460 Vmilia
785 434 818 444 -
830 401 989 476 venierunt]
1000 402 1089 458 aliter
1099 401 1232 471 Orosius,
1244 403 1295 474 qui
1305 403 1335 476 (l.
1347 403 1398 474 m.)
1407 420 1494 458 accu-

350 500 416 549 rate
426 493 499 549 dicit
511 498 585 565 quot
598 493 800 548 Asiaticorum
812 492 844 546 in
858 490 1055 547 Orchomenio
1065 491 1178 563 proelio
1196 492 1356 563 perierint:
1369 494 1495 549 secundo

333 577 455 655 ¹proelia
472 582 503 654 (i.
516 580 681 639 esecundo
701 581 797 636 totius
816 580 896 648 belli,
915 581 1016 651 priore
1035 578 1113 652 apud
1132 579 1351 636 Orchomenum
1371 581 1495 652 proelio)

348 671 515 743 quindecim
528 670 609 728 milia
621 687 658 726 erc
670 670 716 726 liis
734 669 886 739 interfecta
904 672 974 725 ram
992 671 1067 742 (ipse
1081 668 1204 725 Orosius
1219 668 1315 724 tradit
1329 669 1494 741 Dorylaum

349 760 437 815 LXX
449 760 498 816 vel
516 760 633 814 LXXX
647 759 730 814 milia
748 759 903 814 hominum
922 760 953 813 iu
966 758 1124 813 Graeciam
1137 758 1259 814 duxisse
1271 764 1302 814 et
1314 759 1495 815 Archelaum

351 854 507 920 praeterea
516 848 546 902 X
556 848 640 902 milia
651 847 807 903 hominum
818 847 988 918 collegisse)
999 890 1005 904 .
1016 887 1023 900 .
1035 890 1041 904 .
1053 847 1134 903 lertio
1144 850 1215 903 bello
1224 849 1257 920 (i.
1268 865 1292 903 e.
1303 848 1416 919 proelio
1426 851 1497 903 alte·

351 955 385 992 ro
395 936 473 1009 apud
483 936 713 1008 Orchomenum)
723 953 823 993 omues
834 938 944 1007 copiae,
954 954 1029 1007 qrraa
1039 940 1197 992 Archelaus
1206 940 1327 993 babebat
1339 938 1498 993 exstinctae

351 1030 429 1082 sual.
442 1029 521 1085 Nam
530 1026 637 1098 uipinti
649 1026 731 1081 milia
752 1027 879 1081 utilitum
898 1027 962 1081 eiua
980 1027 1012 1080 iu
1028 1027 1169 1097 paludem
1178 1030 1266 1098 pulsa
1278 1066 1284 1080 .
1296 1066 1300 1080 .
1314 1067 1319 1080 .
1332 1027 1498 1097 ‚interfecta

351 1120 429 1184 auat,
441 1115 613 1187 totidemque
623 1116 683 1171 alia
695 1116 724 1170 iu
738 1116 849 1186 flumen
859 1119 957 1171 coacta
970 1120 996 1171 el
1015 1119 1124 1183 necata,
1136 1116 1244 1187 reliqui
1253 1115 1413 1171 raircrrimc
1425 1133 1498 1187 paa-

351 1204 646 1261 simtrucidalisuat.
658 1204 775 1260 Verane
795 1205 858 1260 sint
877 1222 970 1260 necne
989 1222 1066 1275 quae
1086 1204 1209 1260 Orosius
1229 1212 1334 1259 narrat
1349 1207 1379 1259 in
1400 1205 1498 1259 medio

353 1294 506 1365 relinquo:
526 1311 586 1349 non
604 1293 827 1349 adfirmaverim
846 1300 948 1348 tamen
967 1295 1041 1348 hacc
1056 1311 1092 1348 ex
1113 1294 1200 1348 Livio
1218 1293 1352 1348 fluxisse.
1374 1325 1407 1334 -
1426 1294 1501 1365 reqii

352 1382 534 1457 dilabuutur]
553 1382 583 1438 id
610 1382 730 1458 aliunde
749 1400 808 1439 non
839 1385 1051 1455 eognovimu53
1071 1389 1205 1437 attamen
1225 1382 1413 1437 referendum
1433 1400 1499 1437 esse

353 1474 473 1529 videtur
492 1473 529 1528 ad
549 1491 584 1528 ea
602 1490 678 1544 quae
696 1480 783 1545 gesta
802 1478 874 1528 suut
893 1475 925 1527 in
943 1473 1070 1527 Thracia
1091 1491 1109 1527 a
1137 1473 1257 1527 consule
1285 1473 1401 1540 Flacco,
1420 1491 1500 1527 anno

353 1581 381 1617 u.
403 1565 456 1617 668
475 1569 603 1618 exeunte
621 1564 662 1635 (v.
680 1562 824 1618 Reinach.
844 1581 870 1617 o.
890 1581 928 1621 m.
947 1581 974 1635 p.
996 1564 1133 1634 191-192),
1153 1569 1244 1633 atque
1262 1563 1392 1617 fortasse
1405 1565 1436 1616 in
1452 1563 1500 1616 Li·

354 1654 464 1707 ciniani
482 1652 566 1708 fonte
586 1658 653 1724 post
673 1650 904 1721 Orchomenium
923 1652 1070 1725 proelium
1089 1652 1186 1706 locum
1206 1651 1392 1706 obtinebant.
1416 1651 1501 1722 Inep·

354 1748 418 1796 tum
438 1741 684 1809 additamentum,
704 1746 739 1795 ut
757 1747 840 1796 recte
860 1741 986 1795 Franck.
1005 1741 1044 1811 (p.
1063 1741 1128 1812 257)
1148 1740 1301 1807 iudicavit,
1316 1743 1347 1794 iu
1368 1757 1501 1795 errorem

354 1831 473 1886 induxit
492 1830 709 1885 Mommsenum
727 1831 765 1901 (o.
785 1849 824 1885 m.
844 1830 884 1897 11,
905 1849 931 1901 p.
949 1831 1022 1901 295),
1047 1832 1098 1900 qui
1128 1832 1255 1885 victoria
1286 1829 1365 1900 apud
1393 1830 1502 1884 Orcho-

354 1936 474 1974 menum
494 1925 580 1989 parta
598 1919 629 1972 id
656 1935 773 1988 quoque
792 1917 932 1972 effectum
960 1935 1026 1972 esse
1045 1920 1209 1988 scripserit,
1229 1924 1263 1972 ut
1282 1926 1313 1972 et
1334 1918 1462 1988 Philippi
1484 1936 1503 1971 a

354 2008 499 2064 Romanis
518 2014 735 2079 occuparentur
754 2014 785 2062 et
803 2008 924 2062 Abdera
946 2026 963 2061 a
983 2010 1074 2078 regiis
1094 2026 1188 2062 uacua
1207 2006 1307 2063 fieret.
1337 2039 1368 2049 -·
1387 2006 1503 2080 Ardide]

354 2096 535 2151 Plutarchus
554 2098 638 2168 (Sall.
658 2098 704 2167 22)
717 2096 812 2150 tradit
831 2096 930 2150 Sullae
946 2103 976 2150 et
990 2096 1138 2150 Archelao
1151 2096 1329 2166 colloquium
1344 2096 1420 2151 Delii
1433 2095 1504 2150 fuis·

356 2202 387 2239 sc
406 2185 458 2257 (iri
476 2183 599 2256 θαλάττῃ
621 2185 753 2257 συνῆλθον
773 2186 826 2256 περὶ
845 2183 946 2257 Δήλιον
967 2178 997 2236 od
1023 2187 1051 2236 τὸ
1070 2184 1138 2258 ἱερὸν
1157 2193 1201 2238 rori
1220 2184 1396 2247 Ἀπόλλωνός
1415 2185 1503 2255 ἐστιν).

360 2274 390 2328 Si
408 2274 606 2328 Reinachium
624 2276 663 2345 (p.
682 2275 736 2328 205
755 2273 822 2327 adn.
841 2275 873 2344 2)
891 2272 1059 2344 probamus
1079 2275 1129 2343 qui
1149 2276 1259 2329 statuit
1279 2292 1380 2329 mense
1399 2276 1504 2329 sextili

355 2366 426 2418 anni
445 2365 497 2417 669
516 2363 649 2417 Dardani
669 2362 878 2417 Mithridatem
897 2362 1009 2417 Sullam
1029 2365 1213 2430 convenisse,
1233 2364 1288 2418 hoc
1307 2382 1375 2418 cum
1395 2364 1505 2418 Arche·

361 2454 409 2508 lao
428 2453 608 2524 colloquium
628 2454 732 2524 primis
751 2452 883 2508 eiusdem
903 2454 974 2507 anni
994 2453 1146 2509 mensibus
1165 2453 1308 2509 accidisse
1322 2454 1503 2509 censendum

357 2550 405 2599 est
416 2542 464 2613 (cf.
475 2542 601 2597 Momm.
613 2559 638 2596 ο.
650 2560 687 2609 m,
699 2541 738 2609 11,
750 2559 776 2612 p.
787 2542 890 2612 299)·-
906 2542 1012 2613 quibus
1024 2574 1057 2582 -
1065 2541 1177 2616 paruit]
1188 2542 1251 2597 loco
1262 2561 1320 2597 non
1331 2542 1437 2598 idoneo
1447 2542 1505 2598 hoc

356 2631 469 2686 dictum
480 2638 534 2686 est.
543 2630 736 2686 Mithridates
746 2633 824 2685 enim
838 2631 934 2686 solnm
946 2631 1062 2701 aliquot
1072 2632 1224 2687 mensibus
1234 2639 1302 2704 post
1312 2631 1506 2687 abArcbelao

356 2716 503 2778 adductus
513 2727 560 2776 est
573 2729 610 2774 ut
623 2721 813 2776 condiciones
824 2723 905 2791 pacis
915 2739 932 2775 a
943 2720 1024 2775 Sulla
1035 2724 1202 2793 propositas
1212 2724 1369 2794 acciperet.
1382 2754 1414 2764 -
1425 2723 1505 2778 Fim-

356 2812 436 2868 briae
455 2843 488 2853 -
508 2809 633 2884 lirucbat]
645 2811 787 2877 Fimbria,
802 2811 910 2865 Flacco
922 2811 1089 2881 interfecto,
1104 2819 1242 2883 praeerat
1256 2814 1401 2868 exercitui
1416 2829 1506 2883 quem

356 2902 491 2970 Cinnani,
510 2919 543 2956 re
562 2901 679 2972 publica
698 2902 795 2972 potiti,
816 2902 942 2971 imperio
960 2900 1060 2955 Sullae
1080 2901 1232 2973 abrogato,
1257 2902 1294 2956 ad
1314 2902 1424 2957 bellum
1447 2902 1509 2956 Mi-

354 2991 548 3047 thridaticum
567 2991 814 3059 miserantium
831 2998 962 3062 tempore
977 3008 1035 3062 quo
1049 2991 1130 3045 Sulla
1142 2993 1323 3048 Archelaum
1338 2994 1416 3048 Delii
1435 3010 1503 3047 con·

357 3084 449 3148 venit,
469 3083 500 3136 in
518 3081 591 3136 Asia
608 3087 682 3148 erat,
702 3081 752 3135 ubi
771 3080 849 3152 apud
863 3081 1064 3152 Miletopolim
1079 3082 1286 3137 Mithridatem
1302 3084 1446 3138 minorem
1459 3085 1506 3136 t‘u·

356 3171 442 3227 derat
460 3177 551 3242 atque
569 3170 736 3242 fugaverat.
749 3202 781 3212 -
791 3175 824 3225 ut
839 3187 909 3226 mox
922 3171 1024 3226 ordine
1039 3170 1185 3245 indicabo]
1196 3173 1320 3227 Videtur
1331 3174 1507 3229 Licinianus

355 3279 476 3316 monere
485 3261 616 3316 voluisse
632 3261 776 3316 lectorem
790 3278 821 3314 se
837 3260 936 3315 Flacci
957 3267 988 3314 et
1006 3260 1158 3315 Fimbriae
1177 3262 1397 3333 expeditionem
1412 3265 1508 3334 proxi·

356 3352 413 3406 mis
423 3352 541 3422 paginis
551 3356 744 3408 narraturum
755 3366 828 3415 esse,
846 3349 924 3420 quod
939 3367 971 3403 re
984 3367 1056 3404 vera
1068 3350 1179 3405 oblitus
1190 3359 1237 3406 cst
1246 3349 1355 3407 facere.
1365 3352 1507 3407 (laterum

359 3459 388 3497 v.
401 3440 466 3496 Riv.
476 3440 510 3496 di
518 3440 577 3496 Fit.
589 3440 607 3493 l.
618 3458 656 3493 m.
666 3458 694 3511 p.
704 3440 757 3494 281
767 3439 835 3495 adn.
848 3471 880 3481 —
892 3443 919 3494 et
928 3440 1047 3495 timebat
1057 3471 1089 3481 -
1098 3441 1330 3516 elpracdiaeeral]
1340 3442 1422 3497 Sulla
1433 3461 1509 3514 prae·

357 3530 475 3585 dicabat
494 3547 534 3599 se,
554 3535 640 3601 parta
659 3531 795 3596 victoria,
809 3529 997 3584 condiciones
1011 3532 1092 3601 pacis
1106 3548 1164 3584 non
1180 3534 1349 3601 positurum
1362 3550 1428 3587 esse
1440 3550 1508 3604 gra·

359 3622 458 3676 viores
476 3622 520 3676 eis
531 3637 605 3690 quas
617 3625 687 3675 ante
706 3622 865 3674 victoriam
886 3622 1088 3691 proposuisset
1102 3621 1141 3692 (v.
1155 3621 1275 3678 Momm.
1287 3621 1327 3691 11,
1341 3641 1368 3694 p.
1378 3623 1451 3694 229).
1475 3653 1508 3665 -·

357 3712 515 3766 Archelaus
541 3713 659 3766 classem
689 3709 822 3783 traderet]
851 3710 932 3765 Sulla
960 3711 1135 3781 postulabat
1154 3717 1188 3765 ut
1207 3730 1225 3766 a
1252 3712 1429 3768 Mithridate
1447 3713 1509 3768 sibi

359 3799 551 3855 traderentur
570 3800 655 3853 LXX
675 3799 743 3854 illae
762 3817 855 3855 naves
874 3799 982 3869 quibus
1001 3800 1167 3855 Archelaus
1187 3807 1339 3872 praeesset
1370 3804 1410 3873 (v.
1437 3806 1507 3858 Per.

360 3890 425 3944 Liv.
444 3891 487 3958 82,
507 3889 577 3944 Sall.
596 3890 632 3943 fr.
648 3889 698 3958 IV,
717 3891 781 3961 2Ο);
802 3897 958 3960 praeterea
978 3895 1011 3944 ut
1031 3890 1119 3945 classi
1133 3891 1338 3946 Romanorum
1357 3894 1509 3947 sociorum

360 3986 460 4035 certus
474 3981 596 4036 navium
611 3997 754 4034 numerus
767 3979 865 4051 (LXX
877 3981 903 4033 si
917 3980 1052 4050 proxima
1072 3982 1181 4051 pagina
1194 3987 1275 4036 recte
1291 3984 1412 4053 scripsit
1431 3982 1509 4035 Lici·

360 4071 481 4140 nianus)
492 4071 708 4124 instructarum
722 4069 937 4141 adiungeretur
951 4071 992 4141 (v.
1005 4069 1125 4125 Momm.
1137 4071 1154 4124 l.
1169 4072 1227 4142 m).
1243 4073 1315 4126 Oum
1328 4072 1509 4128 Plutarchus

363 4161 448 4231 (Sall.
467 4161 514 4230 22)
533 4159 740 4215 tantummodo
760 4177 852 4214 naves
866 4160 952 4213 LXX
972 4159 1101 4215 traditas
1121 4178 1186 4216 esse
1205 4167 1344 4230 testetur,
1364 4163 1508 4218 Memnon

362 4251 420 4323 (92)
439 4250 573 4314 LXXX,
594 4251 688 4305 multa
707 4250 743 4305 de
763 4250 825 4318 hac,
845 4269 934 4322 quam
964 4255 1059 4322 primo
1078 4252 1143 4307 loco
1166 4253 1341 4309 Licinianus
1362 4252 1449 4307 affert
1469 4272 1509 4308 ex

363 4341 584 4396 condicionibus
604 4344 692 4412 pecie,
706 4341 786 4397 docti
801 4345 859 4397 viri
873 4342 1119 4414 disputaverunt;
1140 4342 1192 4398 scd
1213 4361 1239 4403 v.
1259 4343 1401 4399 Reinach.
1420 4344 1451 4415 (1.
1467 4362 1505 4400 m.

363 4450 391 4503 p.
411 4431 462 4486 196
481 4436 511 4487 et
532 4431 603 4503 197).
