<?xml version="1.0" encoding="UTF-8"?>
<!DOCTYPE html PUBLIC "-//W3C//DTD XHTML 1.0 Transitional//EN"
    "http://www.w3.org/TR/xhtml1/DTD/xhtml1-transitional.dtd">
<html xmlns="http://www.w3.org/1999/xhtml" xml:lang="en" lang="en">
 <head>
  <title>
</title>
<meta http-equiv="Content-Type" content="text/html;charset=utf-8" />
  <meta name='ocr-system' content='tesseract 3.04.00' />
  <meta name='ocr-capabilities' content='ocr_page ocr_carea ocr_par ocr_line ocrx_word'/>
</head>
<body>
  <div class='ocr_page' id='page_1' title='image "./granilicinianiq00camogoog_0065.png"; bbox 0 0 3309 5167; ppageno 0'>
   <div class='ocr_carea' id='block_1_1' title="bbox 655 341 815 400">
    <p class='ocr_par' dir='ltr' id='par_1_1' title="bbox 655 341 815 400">
     <span class='ocr_line' id='line_1_1' title="bbox 655 341 815 400; baseline 0.019 -14"><span class='ocrx_word' id='word_1_1' title='bbox 655 341 815 400; x_wconf 73' lang='grc'>..51-</span> 
     </span>
    </p>
   </div>
   <div class='ocr_carea' id='block_1_2' title="bbox 161 473 1312 635">
    <p class='ocr_par' dir='ltr' id='par_1_2' title="bbox 161 473 1312 635">
     <span class='ocr_line' id='line_1_2' title="bbox 161 473 1311 546; baseline -0.002 -17"><span class='ocrx_word' id='word_1_2' title='bbox 161 476 304 546; x_wconf 87' lang='lat' dir='ltr'><strong>ignorare</strong></span> <span class='ocrx_word' id='word_1_3' title='bbox 318 475 518 530; x_wconf 86' lang='lat' dir='ltr'><strong>simulavisse.</strong></span> <span class='ocrx_word' id='word_1_4' title='bbox 531 473 682 541; x_wconf 87' lang='lat' dir='ltr'><strong>Quomodo</strong></span> <span class='ocrx_word' id='word_1_5' title='bbox 692 473 722 528; x_wconf 91' lang='lat' dir='ltr'><strong>id</strong></span> <span class='ocrx_word' id='word_1_6' title='bbox 733 474 876 545; x_wconf 87' lang='lat' dir='ltr'><strong>explicari</strong></span> <span class='ocrx_word' id='word_1_7' title='bbox 887 474 983 544; x_wconf 78' lang='lat' dir='ltr'><strong>possit</strong></span> <span class='ocrx_word' id='word_1_8' title='bbox 993 473 1199 528; x_wconf 85' lang='lat' dir='ltr'><strong>controversia</strong></span> <span class='ocrx_word' id='word_1_9' title='bbox 1211 473 1311 528; x_wconf 89' lang='lat' dir='ltr'><strong>estin·</strong></span> 
     </span>
     <span class='ocr_line' id='line_1_3' title="bbox 162 562 1312 635; baseline -0.001 -18"><span class='ocrx_word' id='word_1_10' title='bbox 162 570 209 617; x_wconf 91' lang='lat' dir='ltr'><strong>ter</strong></span> <span class='ocrx_word' id='word_1_11' title='bbox 222 564 304 619; x_wconf 84' lang='lat' dir='ltr'><strong>viros</strong></span> <span class='ocrx_word' id='word_1_12' title='bbox 318 562 435 618; x_wconf 90' lang='lat' dir='ltr'><strong>doctos:</strong></span> <span class='ocrx_word' id='word_1_13' title='bbox 447 581 573 633; x_wconf 91' lang='lat' dir='ltr'><strong>quorum</strong></span> <span class='ocrx_word' id='word_1_14' title='bbox 585 563 791 618; x_wconf 83' lang='lat' dir='ltr'><strong>Franckenius</strong></span> <span class='ocrx_word' id='word_1_15' title='bbox 806 565 927 635; x_wconf 89' lang='lat' dir='ltr'><strong>propius</strong></span> <span class='ocrx_word' id='word_1_16' title='bbox 938 562 974 616; x_wconf 90' lang='lat' dir='ltr'><strong>ad</strong></span> <span class='ocrx_word' id='word_1_17' title='bbox 986 579 1090 617; x_wconf 88' lang='lat' dir='ltr'><strong>verum</strong></span> <span class='ocrx_word' id='word_1_18' title='bbox 1100 563 1261 618; x_wconf 80' lang='lat' dir='ltr'><strong>accessisse</strong></span> <span class='ocrx_word' id='word_1_19' title='bbox 1270 564 1312 619; x_wconf 86' lang='lat' dir='ltr'><strong>vi·</strong></span> 
     </span>
    </p>
   </div>
   <div class='ocr_carea' id='block_1_3' title="bbox 11 649 1308 722">
    <p class='ocr_par' dir='ltr' id='par_1_3' title="bbox 11 649 1308 722">
     <span class='ocr_line' id='line_1_4' title="bbox 11 649 1308 722; baseline 0.001 -17"><span class='ocrx_word' id='word_1_20' title='bbox 11 663 13 684; x_wconf 62' lang='lat'>⁸</span> <span class='ocrx_word' id='word_1_21' title='bbox 94 693 98 698; x_wconf 89' lang='lat'><strong>.</strong></span> <span class='ocrx_word' id='word_1_22' title='bbox 162 651 250 706; x_wconf 88' lang='lat' dir='ltr'><strong>detur</strong></span> <span class='ocrx_word' id='word_1_23' title='bbox 263 670 330 706; x_wconf 91' lang='lat' dir='ltr'><strong>cum</strong></span> <span class='ocrx_word' id='word_1_24' title='bbox 345 651 426 706; x_wconf 87' lang='lat' dir='ltr'><strong>dicat</strong></span> <span class='ocrx_word' id='word_1_25' title='bbox 444 653 484 722; x_wconf 94' lang='lat' dir='ltr'><strong>(p.</strong></span> <span class='ocrx_word' id='word_1_26' title='bbox 504 651 569 722; x_wconf 82' lang='grc'><strong>253)</strong></span> <span class='ocrx_word' id='word_1_27' title='bbox 583 651 772 706; x_wconf 89' lang='lat' dir='ltr'><strong>Licinianum</strong></span> <span class='ocrx_word' id='word_1_28' title='bbox 787 654 817 706; x_wconf 89' lang='lat' dir='ltr'><strong>iu</strong></span> <span class='ocrx_word' id='word_1_29' title='bbox 829 669 962 706; x_wconf 88' lang='lat' dir='ltr'><strong>errorem</strong></span> <span class='ocrx_word' id='word_1_30' title='bbox 976 649 1132 706; x_wconf 89' lang='lat' dir='ltr'><strong>inductum</strong></span> <span class='ocrx_word' id='word_1_31' title='bbox 1152 651 1308 722; x_wconf 89' lang='lat' dir='ltr'><strong>Aquilium</strong></span> 
     </span>
    </p>
   </div>
   <div class='ocr_carea' id='block_1_4' title="bbox 160 740 1311 1797">
    <p class='ocr_par' dir='ltr' id='par_1_4' title="bbox 160 740 1311 1797">
     <span class='ocr_line' id='line_1_5' title="bbox 162 740 1310 812; baseline -0.001 -17"><span class='ocrx_word' id='word_1_32' title='bbox 162 759 228 795; x_wconf 90' lang='lat' dir='ltr'><strong>cum</strong></span> <span class='ocrx_word' id='word_1_33' title='bbox 249 741 283 795; x_wconf 89' lang='lat' dir='ltr'><strong>L.</strong></span> <span class='ocrx_word' id='word_1_34' title='bbox 302 741 404 796; x_wconf 75' lang='lat' dir='ltr'><strong>Cassio</strong></span> <span class='ocrx_word' id='word_1_35' title='bbox 434 740 612 808; x_wconf 84' lang='lat' dir='ltr'><strong>confudisse,</strong></span> <span class='ocrx_word' id='word_1_36' title='bbox 631 759 718 811; x_wconf 89' lang='lat' dir='ltr'><strong>quem</strong></span> <span class='ocrx_word' id='word_1_37' title='bbox 739 759 757 795; x_wconf 91' lang='lat' dir='ltr'><strong>a</strong></span> <span class='ocrx_word' id='word_1_38' title='bbox 785 741 962 795; x_wconf 77' lang='lat' dir='ltr'><strong>Mithridate</strong></span> <span class='ocrx_word' id='word_1_39' title='bbox 991 740 1141 795; x_wconf 91' lang='lat' dir='ltr'><strong>redditum</strong></span> <span class='ocrx_word' id='word_1_40' title='bbox 1161 757 1227 795; x_wconf 87' lang='lat' dir='ltr'><strong>esse</strong></span> <span class='ocrx_word' id='word_1_41' title='bbox 1246 742 1310 812; x_wconf 93' lang='lat' dir='ltr'><strong>Ap-</strong></span> 
     </span>
     <span class='ocr_line' id='line_1_6' title="bbox 161 828 1311 901; baseline 0.002 -18"><span class='ocrx_word' id='word_1_42' title='bbox 161 831 268 901; x_wconf 90' lang='lat' dir='ltr'><strong>piauus</strong></span> <span class='ocrx_word' id='word_1_43' title='bbox 287 830 318 900; x_wconf 90' lang='lat' dir='ltr'><strong>(l.</strong></span> <span class='ocrx_word' id='word_1_44' title='bbox 339 848 376 883; x_wconf 90' lang='lat' dir='ltr'><strong>m.</strong></span> <span class='ocrx_word' id='word_1_45' title='bbox 398 832 461 900; x_wconf 85' lang='lat'>112)</span> <span class='ocrx_word' id='word_1_46' title='bbox 480 836 692 885; x_wconf 82' lang='lat' dir='ltr'><strong>commemorat</strong></span> <span class='ocrx_word' id='word_1_47' title='bbox 711 831 759 901; x_wconf 88' lang='lat' dir='ltr'><strong>(cf.</strong></span> <span class='ocrx_word' id='word_1_48' title='bbox 774 831 907 885; x_wconf 85' lang='lat' dir='ltr'><strong>Dieckm.</strong></span> <span class='ocrx_word' id='word_1_49' title='bbox 926 848 952 900; x_wconf 89' lang='lat' dir='ltr'><strong>p.</strong></span> <span class='ocrx_word' id='word_1_50' title='bbox 972 828 1027 900; x_wconf 78' lang='lat'><strong>76).</strong></span> <span class='ocrx_word' id='word_1_51' title='bbox 1042 830 1121 884; x_wconf 84' lang='lat' dir='ltr'><strong>-in</strong></span> <span class='ocrx_word' id='word_1_52' title='bbox 1138 830 1245 899; x_wconf 80' lang='lat' dir='ltr'><strong>primis</strong></span> <span class='ocrx_word' id='word_1_53' title='bbox 1263 848 1311 886; x_wconf 79' lang='lat' dir='ltr'><strong>ea·-</strong></span> 
     </span>
     <span class='ocr_line' id='line_1_7' title="bbox 162 918 1311 993; baseline -0.002 -18"><span class='ocrx_word' id='word_1_54' title='bbox 162 918 246 993; x_wconf 81' lang='lat' dir='ltr'><strong>cepti]</strong></span> <span class='ocrx_word' id='word_1_55' title='bbox 264 943 298 967; x_wconf 93' lang='lat'>=</span> <span class='ocrx_word' id='word_1_56' title='bbox 319 920 423 975; x_wconf 81' lang='lat' dir='ltr'><strong>diserte</strong></span> <span class='ocrx_word' id='word_1_57' title='bbox 441 919 538 975; x_wconf 83' lang='lat' dir='ltr'><strong>additi</strong></span> <span class='ocrx_word' id='word_1_58' title='bbox 545 937 558 989; x_wconf 71' lang='lat'><strong>,⁴</strong></span> <span class='ocrx_word' id='word_1_59' title='bbox 577 919 612 973; x_wconf 85' lang='lat' dir='ltr'><strong>of.</strong></span> <span class='ocrx_word' id='word_1_60' title='bbox 632 919 697 974; x_wconf 88' lang='lat' dir='ltr'><strong>Liv.</strong></span> <span class='ocrx_word' id='word_1_61' title='bbox 717 919 802 988; x_wconf 85' lang='lat' dir='ltr'>XXI,</span> <span class='ocrx_word' id='word_1_62' title='bbox 818 921 852 973; x_wconf 83' lang='lat'><strong>19</strong></span> <span class='ocrx_word' id='word_1_63' title='bbox 864 919 950 975; x_wconf 83' lang='lat' dir='ltr'><strong>sociis</strong></span> <span class='ocrx_word' id='word_1_64' title='bbox 968 923 1159 990; x_wconf 82' lang='lat' dir='ltr'><strong>utrorumque</strong></span> <span class='ocrx_word' id='word_1_65' title='bbox 1176 920 1311 989; x_wconf 74' lang='lat' dir='ltr'><strong>exceptis</strong></span> 
     </span>
     <span class='ocr_line' id='line_1_8' title="bbox 161 1008 1311 1083; baseline -0.001 -19"><span class='ocrx_word' id='word_1_66' title='bbox 161 1008 245 1076; x_wconf 80' lang='lat' dir='ltr'><strong>Quod</strong></span> <span class='ocrx_word' id='word_1_67' title='bbox 264 1009 301 1064; x_wconf 91' lang='lat' dir='ltr'><strong>ad</strong></span> <span class='ocrx_word' id='word_1_68' title='bbox 321 1028 383 1064; x_wconf 87' lang='lat' dir='ltr'><strong>rem</strong></span> <span class='ocrx_word' id='word_1_69' title='bbox 402 1012 522 1078; x_wconf 89' lang='lat' dir='ltr'><strong>attinet,</strong></span> <span class='ocrx_word' id='word_1_70' title='bbox 542 1009 633 1065; x_wconf 89' lang='lat' dir='ltr'><strong>silent</strong></span> <span class='ocrx_word' id='word_1_71' title='bbox 653 1010 760 1081; x_wconf 83' lang='lat' dir='ltr'><strong>reliqui</strong></span> <span class='ocrx_word' id='word_1_72' title='bbox 780 1012 950 1081; x_wconf 81' lang='lat' dir='ltr'><strong>scriptores.</strong></span> <span class='ocrx_word' id='word_1_73' title='bbox 967 1042 998 1050; x_wconf 91' lang='lat'>—</span> <span class='ocrx_word' id='word_1_74' title='bbox 1016 1008 1125 1083; x_wconf 67' lang='lat' dir='ltr'><strong>fuerat]</strong></span> <span class='ocrx_word' id='word_1_75' title='bbox 1140 1027 1207 1063; x_wconf 88' lang='lat' dir='ltr'><strong>oum</strong></span> <span class='ocrx_word' id='word_1_76' title='bbox 1221 1027 1311 1065; x_wconf 88' lang='lat' dir='ltr'><strong>enun-</strong></span> 
     </span>
     <span class='ocr_line' id='line_1_9' title="bbox 162 1098 1310 1171; baseline 0 -17"><span class='ocrx_word' id='word_1_77' title='bbox 162 1102 274 1154; x_wconf 91' lang='lat' dir='ltr'><strong>ciatum</strong></span> <span class='ocrx_word' id='word_1_78' title='bbox 298 1117 446 1170; x_wconf 75' lang='lat' dir='ltr'><strong>«pirorum</strong></span> <span class='ocrx_word' id='word_1_79' title='bbox 467 1131 499 1141; x_wconf 92' lang='lat'>-</span> <span class='ocrx_word' id='word_1_80' title='bbox 517 1100 643 1169; x_wconf 81' lang='lat' dir='ltr'><strong>fuerat»</strong></span> <span class='ocrx_word' id='word_1_81' title='bbox 668 1118 789 1155; x_wconf 88' lang='lat' dir='ltr'><strong>oausam</strong></span> <span class='ocrx_word' id='word_1_82' title='bbox 809 1098 916 1154; x_wconf 87' lang='lat' dir='ltr'><strong>afferat</strong></span> <span class='ocrx_word' id='word_1_83' title='bbox 929 1118 987 1170; x_wconf 93' lang='lat' dir='ltr'><strong>qua</strong></span> <span class='ocrx_word' id='word_1_84' title='bbox 1001 1098 1178 1154; x_wconf 85' lang='lat' dir='ltr'><strong>Macedones</strong></span> <span class='ocrx_word' id='word_1_85' title='bbox 1193 1101 1310 1171; x_wconf 86' lang='lat' dir='ltr'><strong>excepti</strong></span> 
     </span>
     <span class='ocr_line' id='line_1_10' title="bbox 162 1188 1309 1262; baseline 0 -18"><span class='ocrx_word' id='word_1_86' title='bbox 162 1190 223 1244; x_wconf 89' lang='lat' dir='ltr'><strong>sint</strong></span> <span class='ocrx_word' id='word_1_87' title='bbox 248 1189 399 1258; x_wconf 77' lang='lat' dir='ltr'><strong>‹fuisset›</strong></span> <span class='ocrx_word' id='word_1_88' title='bbox 423 1208 477 1261; x_wconf 88' lang='lat' dir='ltr'><strong>pro</strong></span> <span class='ocrx_word' id='word_1_89' title='bbox 510 1213 522 1238; x_wconf 79' lang='grc' dir='ltr'><strong><em>ι</em></strong></span> <span class='ocrx_word' id='word_1_90' title='bbox 534 1189 658 1258; x_wconf 77' lang='lat' dir='ltr'><strong>fuerat»</strong></span> <span class='ocrx_word' id='word_1_91' title='bbox 692 1189 883 1244; x_wconf 86' lang='lat' dir='ltr'><strong>scribendum</strong></span> <span class='ocrx_word' id='word_1_92' title='bbox 912 1195 986 1246; x_wconf 89' lang='lat' dir='ltr'><strong>erat.</strong></span> <span class='ocrx_word' id='word_1_93' title='bbox 1006 1219 1040 1229; x_wconf 40' lang='grc' dir='ltr'><em>Μ</em></span> <span class='ocrx_word' id='word_1_94' title='bbox 1070 1188 1166 1262; x_wconf 85' lang='lat' dir='ltr'><strong>tectas]</strong></span> <span class='ocrx_word' id='word_1_95' title='bbox 1184 1214 1219 1235; x_wconf 92' lang='lat'>=</span> <span class='ocrx_word' id='word_1_96' title='bbox 1238 1206 1309 1244; x_wconf 84' lang='lat' dir='ltr'><strong>con-</strong></span> 
     </span>
     <span class='ocr_line' id='line_1_11' title="bbox 160 1279 1311 1350; baseline 0.001 -16"><span class='ocrx_word' id='word_1_97' title='bbox 160 1282 277 1347; x_wconf 79' lang='lat' dir='ltr'><strong>stratos,</strong></span> <span class='ocrx_word' id='word_1_98' title='bbox 297 1280 404 1349; x_wconf 92' lang='lat' dir='ltr'><strong>quibus</strong></span> <span class='ocrx_word' id='word_1_99' title='bbox 423 1284 542 1350; x_wconf 85' lang='lat' dir='ltr'><strong>apertae</strong></span> <span class='ocrx_word' id='word_1_100' title='bbox 560 1297 655 1334; x_wconf 90' lang='lat' dir='ltr'><strong>naves</strong></span> <span class='ocrx_word' id='word_1_101' title='bbox 675 1285 867 1350; x_wconf 88' lang='lat' dir='ltr'><strong>opponuntur</strong></span> <span class='ocrx_word' id='word_1_102' title='bbox 885 1281 926 1350; x_wconf 87' lang='lat' dir='ltr'><strong>(v.</strong></span> <span class='ocrx_word' id='word_1_103' title='bbox 945 1279 1011 1333; x_wconf 89' lang='lat' dir='ltr'><strong>Liv.</strong></span> <span class='ocrx_word' id='word_1_104' title='bbox 1031 1279 1074 1345; x_wconf 87' lang='grc'><strong>36,</strong></span> <span class='ocrx_word' id='word_1_105' title='bbox 1100 1280 1155 1350; x_wconf 85' lang='grc'>43).</span> <span class='ocrx_word' id='word_1_106' title='bbox 1175 1310 1209 1320; x_wconf 96' lang='grc'><strong>-</strong></span> <span class='ocrx_word' id='word_1_107' title='bbox 1228 1282 1311 1350; x_wconf 83' lang='lat' dir='ltr'><strong>apud</strong></span> 
     </span>
     <span class='ocr_line' id='line_1_12' title="bbox 161 1368 1310 1441; baseline 0.001 -19"><span class='ocrx_word' id='word_1_108' title='bbox 161 1370 349 1435; x_wconf 81' lang='lat' dir='ltr'><strong>Dardanum]</strong></span> <span class='ocrx_word' id='word_1_109' title='bbox 369 1368 550 1440; x_wconf 87' lang='lat' dir='ltr'><strong>colloquium</strong></span> <span class='ocrx_word' id='word_1_110' title='bbox 569 1370 682 1423; x_wconf 88' lang='lat' dir='ltr'><strong>factum</strong></span> <span class='ocrx_word' id='word_1_111' title='bbox 702 1375 748 1423; x_wconf 90' lang='lat' dir='ltr'><strong>est</strong></span> <span class='ocrx_word' id='word_1_112' title='bbox 778 1375 812 1423; x_wconf 91' lang='lat' dir='ltr'><strong>ut</strong></span> <span class='ocrx_word' id='word_1_113' title='bbox 841 1375 944 1424; x_wconf 90' lang='lat' dir='ltr'><strong>monet</strong></span> <span class='ocrx_word' id='word_1_114' title='bbox 963 1368 1146 1424; x_wconf 89' lang='lat' dir='ltr'><strong>Reinachius</strong></span> <span class='ocrx_word' id='word_1_115' title='bbox 1168 1369 1206 1441; x_wconf 94' lang='lat' dir='ltr'><strong>(o.</strong></span> <span class='ocrx_word' id='word_1_116' title='bbox 1225 1388 1263 1423; x_wconf 91' lang='lat' dir='ltr'><strong>m.</strong></span> <span class='ocrx_word' id='word_1_117' title='bbox 1285 1388 1310 1441; x_wconf 94' lang='lat' dir='ltr'><strong>p.</strong></span> 
     </span>
     <span class='ocr_line' id='line_1_13' title="bbox 162 1456 1311 1528; baseline 0.001 -17"><span class='ocrx_word' id='word_1_118' title='bbox 162 1458 215 1511; x_wconf 89' lang='grc'><strong>205</strong></span> <span class='ocrx_word' id='word_1_119' title='bbox 234 1456 302 1511; x_wconf 91' lang='lat' dir='ltr'><strong>adn.</strong></span> <span class='ocrx_word' id='word_1_120' title='bbox 331 1459 368 1528; x_wconf 89' lang='grc'><strong>2),</strong></span> <span class='ocrx_word' id='word_1_121' title='bbox 389 1462 490 1528; x_wconf 81' lang='lat' dir='ltr'><strong>paucis</strong></span> <span class='ocrx_word' id='word_1_122' title='bbox 518 1458 670 1512; x_wconf 90' lang='lat' dir='ltr'><strong>mensibus</strong></span> <span class='ocrx_word' id='word_1_123' title='bbox 698 1462 767 1528; x_wconf 90' lang='lat' dir='ltr'><strong>post</strong></span> <span class='ocrx_word' id='word_1_124' title='bbox 794 1457 958 1523; x_wconf 88' lang='lat' dir='ltr'><strong>Deliacum,</strong></span> <span class='ocrx_word' id='word_1_125' title='bbox 987 1458 1005 1510; x_wconf 87' lang='lat' dir='ltr'><strong>i.</strong></span> <span class='ocrx_word' id='word_1_126' title='bbox 1025 1475 1049 1511; x_wconf 93' lang='lat' dir='ltr'><strong>e.</strong></span> <span class='ocrx_word' id='word_1_127' title='bbox 1078 1474 1180 1512; x_wconf 90' lang='lat' dir='ltr'><strong>mense</strong></span> <span class='ocrx_word' id='word_1_128' title='bbox 1208 1459 1311 1512; x_wconf 85' lang='lat' dir='ltr'><strong>sextili</strong></span> 
     </span>
     <span class='ocr_line' id='line_1_14' title="bbox 163 1546 1310 1621; baseline 0.001 -20"><span class='ocrx_word' id='word_1_129' title='bbox 163 1549 234 1602; x_wconf 88' lang='lat' dir='ltr'><strong>anni</strong></span> <span class='ocrx_word' id='word_1_130' title='bbox 252 1548 313 1601; x_wconf 88' lang='grc'>669.</span> <span class='ocrx_word' id='word_1_131' title='bbox 333 1579 367 1589; x_wconf 92' lang='grc'><strong>-</strong></span> <span class='ocrx_word' id='word_1_132' title='bbox 386 1548 539 1603; x_wconf 83' lang='lat' dir='ltr'><strong>Arioburd.</strong></span> <span class='ocrx_word' id='word_1_133' title='bbox 558 1579 591 1588; x_wconf 82' lang='lat'><strong>-</strong></span> <span class='ocrx_word' id='word_1_134' title='bbox 610 1547 731 1621; x_wconf 76' lang='lat' dir='ltr'><strong>respuit]</strong></span> <span class='ocrx_word' id='word_1_135' title='bbox 751 1547 824 1601; x_wconf 81' lang='lat' dir='ltr'><strong>Cum</strong></span> <span class='ocrx_word' id='word_1_136' title='bbox 844 1546 927 1601; x_wconf 89' lang='lat' dir='ltr'><strong>Sulla</strong></span> <span class='ocrx_word' id='word_1_137' title='bbox 955 1546 1146 1601; x_wconf 87' lang='lat' dir='ltr'><strong>Nicomedem</strong></span> <span class='ocrx_word' id='word_1_138' title='bbox 1175 1554 1206 1601; x_wconf 89' lang='lat' dir='ltr'><strong>et</strong></span> <span class='ocrx_word' id='word_1_139' title='bbox 1226 1549 1310 1602; x_wconf 91' lang='lat' dir='ltr'><strong>Ario·</strong></span> 
     </span>
     <span class='ocr_line' id='line_1_15' title="bbox 162 1636 1311 1706; baseline 0.002 -15"><span class='ocrx_word' id='word_1_140' title='bbox 162 1637 322 1691; x_wconf 87' lang='lat' dir='ltr'><strong>barzanem</strong></span> <span class='ocrx_word' id='word_1_141' title='bbox 341 1636 511 1691; x_wconf 84' lang='lat' dir='ltr'><strong>Mithridati</strong></span> <span class='ocrx_word' id='word_1_142' title='bbox 533 1636 665 1690; x_wconf 82' lang='lat' dir='ltr'><strong>Dardani</strong></span> <span class='ocrx_word' id='word_1_143' title='bbox 679 1637 872 1691; x_wconf 87' lang='lat' dir='ltr'><strong>reconciliare</strong></span> <span class='ocrx_word' id='word_1_144' title='bbox 887 1637 986 1706; x_wconf 86' lang='lat' dir='ltr'><strong>vellet,</strong></span> <span class='ocrx_word' id='word_1_145' title='bbox 1000 1638 1097 1692; x_wconf 92' lang='lat' dir='ltr'><strong>uoluit</strong></span> <span class='ocrx_word' id='word_1_146' title='bbox 1116 1637 1311 1693; x_wconf 83' lang='lat' dir='ltr'><strong>Mithridates</strong></span> 
     </span>
     <span class='ocr_line' id='line_1_16' title="bbox 162 1725 1310 1797; baseline 0.003 -19"><span class='ocrx_word' id='word_1_147' title='bbox 162 1725 396 1779; x_wconf 80' lang='lat' dir='ltr'><strong>Ariobarzanem</strong></span> <span class='ocrx_word' id='word_1_148' title='bbox 416 1725 452 1779; x_wconf 91' lang='lat' dir='ltr'><strong>ad</strong></span> <span class='ocrx_word' id='word_1_149' title='bbox 472 1743 504 1781; x_wconf 89' lang='lat' dir='ltr'><strong>se</strong></span> <span class='ocrx_word' id='word_1_150' title='bbox 524 1726 691 1793; x_wconf 85' lang='lat' dir='ltr'><strong>admittere,</strong></span> <span class='ocrx_word' id='word_1_151' title='bbox 708 1732 742 1779; x_wconf 92' lang='lat' dir='ltr'><strong>ut</strong></span> <span class='ocrx_word' id='word_1_152' title='bbox 754 1744 884 1792; x_wconf 89' lang='lat' dir='ltr'><strong>servum,</strong></span> <span class='ocrx_word' id='word_1_153' title='bbox 905 1728 924 1780; x_wconf 93' lang='lat' dir='ltr'><strong>i.</strong></span> <span class='ocrx_word' id='word_1_154' title='bbox 946 1743 970 1780; x_wconf 91' lang='lat' dir='ltr'><strong>e.</strong></span> <span class='ocrx_word' id='word_1_155' title='bbox 990 1744 1049 1780; x_wconf 93' lang='lat' dir='ltr'><strong>non</strong></span> <span class='ocrx_word' id='word_1_156' title='bbox 1064 1743 1101 1780; x_wconf 83' lang='lat' dir='ltr'><strong>ex</strong></span> <span class='ocrx_word' id='word_1_157' title='bbox 1114 1729 1198 1797; x_wconf 84' lang='lat' dir='ltr'><strong>regia</strong></span> <span class='ocrx_word' id='word_1_158' title='bbox 1216 1728 1310 1797; x_wconf 90' lang='lat' dir='ltr'><strong>stirpe</strong></span> 
     </span>
    </p>
   </div>
   <div class='ocr_carea' id='block_1_5' title="bbox 162 1815 1399 1887">
    <p class='ocr_par' dir='ltr' id='par_1_5' title="bbox 162 1815 1399 1887">
     <span class='ocr_line' id='line_1_17' title="bbox 162 1815 1399 1887; baseline 0.001 -18"><span class='ocrx_word' id='word_1_159' title='bbox 162 1820 276 1882; x_wconf 89' lang='lat' dir='ltr'><strong>natum,</strong></span> <span class='ocrx_word' id='word_1_160' title='bbox 295 1821 385 1885; x_wconf 89' lang='lat' dir='ltr'><strong>atque</strong></span> <span class='ocrx_word' id='word_1_161' title='bbox 405 1833 440 1869; x_wconf 91' lang='lat' dir='ltr'><strong>ea</strong></span> <span class='ocrx_word' id='word_1_162' title='bbox 459 1833 491 1870; x_wconf 90' lang='lat' dir='ltr'><strong>re</strong></span> <span class='ocrx_word' id='word_1_163' title='bbox 511 1816 609 1883; x_wconf 72' lang='lat' dir='ltr'><strong>dubles,</strong></span> <span class='ocrx_word' id='word_1_164' title='bbox 630 1817 812 1871; x_wconf 87' lang='lat' dir='ltr'><strong>Asiauarum</strong></span> <span class='ocrx_word' id='word_1_165' title='bbox 831 1818 967 1887; x_wconf 88' lang='lat' dir='ltr'><strong>gentium</strong></span> <span class='ocrx_word' id='word_1_166' title='bbox 984 1817 1100 1870; x_wconf 90' lang='lat' dir='ltr'><strong>ratione</strong></span> <span class='ocrx_word' id='word_1_167' title='bbox 1116 1815 1217 1887; x_wconf 89' lang='lat' dir='ltr'><strong>(aliter</strong></span> <span class='ocrx_word' id='word_1_168' title='bbox 1231 1816 1310 1872; x_wconf 93' lang='lat' dir='ltr'><strong>Plut.</strong></span> <span class='ocrx_word' id='word_1_169' title='bbox 1397 1867 1399 1870; x_wconf 88' lang='lat'><strong>.</strong></span> 
     </span>
    </p>
   </div>
   <div class='ocr_carea' id='block_1_6' title="bbox 162 1905 1314 4288">
    <p class='ocr_par' dir='ltr' id='par_1_6' title="bbox 162 1905 1312 2870">
     <span class='ocr_line' id='line_1_18' title="bbox 162 1905 1310 1976; baseline -0.003 -13"><span class='ocrx_word' id='word_1_170' title='bbox 162 1907 236 1963; x_wconf 75' lang='lat' dir='ltr'><strong>Seli.</strong></span> <span class='ocrx_word' id='word_1_171' title='bbox 255 1905 318 1975; x_wconf 83' lang='lat'>24);</span> <span class='ocrx_word' id='word_1_172' title='bbox 339 1905 496 1959; x_wconf 85' lang='lat' dir='ltr'><strong>constabat</strong></span> <span class='ocrx_word' id='word_1_173' title='bbox 516 1906 595 1958; x_wconf 90' lang='lat' dir='ltr'><strong>enim</strong></span> <span class='ocrx_word' id='word_1_174' title='bbox 614 1905 821 1971; x_wconf 84' lang='lat' dir='ltr'><strong>Ariobarzani,</strong></span> <span class='ocrx_word' id='word_1_175' title='bbox 840 1906 1007 1961; x_wconf 87' lang='lat' dir='ltr'><strong>clarissimo</strong></span> <span class='ocrx_word' id='word_1_176' title='bbox 1026 1905 1145 1976; x_wconf 90' lang='lat' dir='ltr'><strong>quidem</strong></span> <span class='ocrx_word' id='word_1_177' title='bbox 1165 1907 1239 1975; x_wconf 86' lang='lat' dir='ltr'><strong>viro,</strong></span> <span class='ocrx_word' id='word_1_178' title='bbox 1259 1906 1310 1961; x_wconf 87' lang='lat' dir='ltr'><strong>sed</strong></span> 
     </span>
     <span class='ocr_line' id='line_1_19' title="bbox 163 1993 1311 2066; baseline 0.003 -19"><span class='ocrx_word' id='word_1_179' title='bbox 163 1996 290 2064; x_wconf 90' lang='lat' dir='ltr'><strong>privato,</strong></span> <span class='ocrx_word' id='word_1_180' title='bbox 309 1994 453 2049; x_wconf 88' lang='lat' dir='ltr'><strong>Romanis</strong></span> <span class='ocrx_word' id='word_1_181' title='bbox 472 1994 652 2063; x_wconf 90' lang='lat' dir='ltr'><strong>faventibus,</strong></span> <span class='ocrx_word' id='word_1_182' title='bbox 683 1993 888 2066; x_wconf 81' lang='lat' dir='ltr'><strong>Cappadocum</strong></span> <span class='ocrx_word' id='word_1_183' title='bbox 909 1993 1061 2066; x_wconf 83' lang='lat' dir='ltr'><strong>suffragiis</strong></span> <span class='ocrx_word' id='word_1_184' title='bbox 1090 1996 1205 2065; x_wconf 90' lang='lat' dir='ltr'><strong>aliquot</strong></span> <span class='ocrx_word' id='word_1_185' title='bbox 1224 1996 1311 2051; x_wconf 92' lang='lat' dir='ltr'><strong>aunis</strong></span> 
     </span>
     <span class='ocr_line' id='line_1_20' title="bbox 163 2083 1310 2157; baseline 0.002 -20"><span class='ocrx_word' id='word_1_186' title='bbox 163 2088 234 2138; x_wconf 89' lang='lat' dir='ltr'><strong>ante</strong></span> <span class='ocrx_word' id='word_1_187' title='bbox 262 2100 388 2154; x_wconf 82' lang='lat' dir='ltr'><strong>regnum</strong></span> <span class='ocrx_word' id='word_1_188' title='bbox 415 2083 548 2138; x_wconf 87' lang='lat' dir='ltr'><strong>delatum</strong></span> <span class='ocrx_word' id='word_1_189' title='bbox 578 2101 652 2138; x_wconf 88' lang='lat' dir='ltr'><strong>esse.</strong></span> <span class='ocrx_word' id='word_1_190' title='bbox 672 2116 705 2125; x_wconf 90' lang='lat'>-</span> <span class='ocrx_word' id='word_1_191' title='bbox 734 2085 846 2155; x_wconf 84' lang='lat' dir='ltr'><strong>reliqua</strong></span> <span class='ocrx_word' id='word_1_192' title='bbox 865 2083 966 2157; x_wconf 83' lang='lat' dir='ltr'><strong>classe]</strong></span> <span class='ocrx_word' id='word_1_193' title='bbox 994 2086 1013 2138; x_wconf 93' lang='lat' dir='ltr'><strong>i.</strong></span> <span class='ocrx_word' id='word_1_194' title='bbox 1036 2101 1060 2138; x_wconf 94' lang='lat' dir='ltr'><strong>e.</strong></span> <span class='ocrx_word' id='word_1_195' title='bbox 1080 2084 1208 2140; x_wconf 81' lang='lat' dir='ltr'><strong>navibus</strong></span> <span class='ocrx_word' id='word_1_196' title='bbox 1226 2102 1310 2154; x_wconf 88' lang='lat' dir='ltr'><strong>quae,</strong></span> 
     </span>
     <span class='ocr_line' id='line_1_21' title="bbox 163 2172 1311 2245; baseline 0.001 -18"><span class='ocrx_word' id='word_1_197' title='bbox 163 2180 250 2244; x_wconf 88' lang='lat' dir='ltr'><strong>pacto</strong></span> <span class='ocrx_word' id='word_1_198' title='bbox 270 2190 393 2227; x_wconf 86' lang='lat' dir='ltr'><strong>numero</strong></span> <span class='ocrx_word' id='word_1_199' title='bbox 412 2172 557 2228; x_wconf 87' lang='lat' dir='ltr'><strong>Romanis</strong></span> <span class='ocrx_word' id='word_1_200' title='bbox 568 2172 688 2242; x_wconf 88' lang='lat' dir='ltr'><strong>tradito,</strong></span> <span class='ocrx_word' id='word_1_201' title='bbox 711 2176 774 2245; x_wconf 85' lang='lat' dir='ltr'><strong>regi</strong></span> <span class='ocrx_word' id='word_1_202' title='bbox 796 2180 983 2244; x_wconf 90' lang='lat' dir='ltr'><strong>supererant.</strong></span> <span class='ocrx_word' id='word_1_203' title='bbox 1005 2174 1072 2229; x_wconf 90' lang='lat' dir='ltr'><strong>Hoc</strong></span> <span class='ocrx_word' id='word_1_204' title='bbox 1094 2174 1158 2229; x_wconf 94' lang='lat' dir='ltr'><strong>loco</strong></span> <span class='ocrx_word' id='word_1_205' title='bbox 1182 2181 1311 2245; x_wconf 89' lang='lat' dir='ltr'><strong>praeter-</strong></span> 
     </span>
     <span class='ocr_line' id='line_1_22' title="bbox 163 2261 1311 2335; baseline 0 -19"><span class='ocrx_word' id='word_1_206' title='bbox 163 2261 293 2316; x_wconf 89' lang='lat' dir='ltr'><strong>eundum</strong></span> <span class='ocrx_word' id='word_1_207' title='bbox 312 2280 371 2316; x_wconf 91' lang='lat' dir='ltr'><strong>non</strong></span> <span class='ocrx_word' id='word_1_208' title='bbox 390 2268 437 2317; x_wconf 92' lang='lat' dir='ltr'><strong>est</strong></span> <span class='ocrx_word' id='word_1_209' title='bbox 456 2264 487 2317; x_wconf 93' lang='lat' dir='ltr'><strong>in</strong></span> <span class='ocrx_word' id='word_1_210' title='bbox 515 2262 727 2318; x_wconf 89' lang='lat' dir='ltr'><strong>enumerandis</strong></span> <span class='ocrx_word' id='word_1_211' title='bbox 756 2265 837 2335; x_wconf 89' lang='lat' dir='ltr'><strong>pacis</strong></span> <span class='ocrx_word' id='word_1_212' title='bbox 867 2262 1089 2318; x_wconf 91' lang='lat' dir='ltr'><strong>condicionibus</strong></span> <span class='ocrx_word' id='word_1_213' title='bbox 1121 2264 1311 2318; x_wconf 87' lang='lat' dir='ltr'><strong>Licinianum</strong></span> 
     </span>
     <span class='ocr_line' id='line_1_23' title="bbox 164 2346 1311 2424; baseline 0 -18"><span class='ocrx_word' id='word_1_214' title='bbox 164 2353 301 2407; x_wconf 90' lang='lat' dir='ltr'><strong>omisisse</strong></span> <span class='ocrx_word' id='word_1_215' title='bbox 319 2357 457 2424; x_wconf 89' lang='lat' dir='ltr'><strong>sumptus</strong></span> <span class='ocrx_word' id='word_1_216' title='bbox 476 2353 556 2418; x_wconf 84' lang='lat' dir='ltr'><strong>belli,</strong></span> <span class='ocrx_word' id='word_1_217' title='bbox 578 2371 652 2424; x_wconf 91' lang='lat' dir='ltr'><strong>quos</strong></span> <span class='ocrx_word' id='word_1_218' title='bbox 666 2359 700 2407; x_wconf 84' lang='lat' dir='ltr'><strong>ut</strong></span> <span class='ocrx_word' id='word_1_219' title='bbox 714 2359 929 2424; x_wconf 86' lang='lat' dir='ltr'><strong>compensaret,</strong></span> <span class='ocrx_word' id='word_1_220' title='bbox 950 2346 1140 2409; x_wconf 90' lang='lat' dir='ltr'><strong>Mithridates</strong></span> <span class='ocrx_word' id='word_1_221' title='bbox 1153 2354 1213 2407; x_wconf 89' lang='lat' dir='ltr'><strong>tria</strong></span> <span class='ocrx_word' id='word_1_222' title='bbox 1227 2353 1311 2406; x_wconf 88' lang='lat' dir='ltr'><strong>milia</strong></span> 
     </span>
     <span class='ocr_line' id='line_1_24' title="bbox 165 2442 1311 2513; baseline 0.002 -18"><span class='ocrx_word' id='word_1_223' title='bbox 165 2442 347 2496; x_wconf 90' lang='lat' dir='ltr'><strong>talentorum</strong></span> <span class='ocrx_word' id='word_1_224' title='bbox 368 2442 513 2498; x_wconf 87' lang='lat' dir='ltr'><strong>Romanis</strong></span> <span class='ocrx_word' id='word_1_225' title='bbox 532 2442 649 2498; x_wconf 87' lang='lat' dir='ltr'><strong>solvere</strong></span> <span class='ocrx_word' id='word_1_226' title='bbox 668 2442 812 2510; x_wconf 88' lang='lat' dir='ltr'><strong>debebat;</strong></span> <span class='ocrx_word' id='word_1_227' title='bbox 833 2448 997 2513; x_wconf 88' lang='lat' dir='ltr'><strong>praeterea,</strong></span> <span class='ocrx_word' id='word_1_228' title='bbox 1026 2442 1104 2513; x_wconf 92' lang='lat' dir='ltr'><strong>quod</strong></span> <span class='ocrx_word' id='word_1_229' title='bbox 1128 2444 1229 2513; x_wconf 83' lang='lat' dir='ltr'><strong>magni</strong></span> <span class='ocrx_word' id='word_1_230' title='bbox 1252 2460 1311 2497; x_wconf 92' lang='lat' dir='ltr'><strong>mo·</strong></span> 
     </span>
     <span class='ocr_line' id='line_1_25' title="bbox 163 2531 1312 2600; baseline 0.001 -15"><span class='ocrx_word' id='word_1_231' title='bbox 163 2532 256 2585; x_wconf 90' lang='lat' dir='ltr'><strong>menti</strong></span> <span class='ocrx_word' id='word_1_232' title='bbox 278 2536 331 2600; x_wconf 88' lang='lat' dir='ltr'><strong>est,</strong></span> <span class='ocrx_word' id='word_1_233' title='bbox 350 2534 469 2586; x_wconf 89' lang='lat' dir='ltr'><strong>veniam</strong></span> <span class='ocrx_word' id='word_1_234' title='bbox 489 2550 506 2586; x_wconf 90' lang='lat' dir='ltr'><strong>a</strong></span> <span class='ocrx_word' id='word_1_235' title='bbox 525 2531 670 2587; x_wconf 89' lang='lat' dir='ltr'><strong>Romanis</strong></span> <span class='ocrx_word' id='word_1_236' title='bbox 689 2531 791 2586; x_wconf 88' lang='lat' dir='ltr'><strong>datam</strong></span> <span class='ocrx_word' id='word_1_237' title='bbox 810 2532 948 2587; x_wconf 86' lang='lat' dir='ltr'><strong>omnibus</strong></span> <span class='ocrx_word' id='word_1_238' title='bbox 977 2532 1152 2587; x_wconf 90' lang='lat' dir='ltr'><strong>civitatibus</strong></span> <span class='ocrx_word' id='word_1_239' title='bbox 1173 2533 1262 2587; x_wconf 87' lang='lat' dir='ltr'><strong>Asiae</strong></span> <span class='ocrx_word' id='word_1_240' title='bbox 1281 2538 1312 2586; x_wconf 88' lang='lat' dir='ltr'><strong>et</strong></span> 
     </span>
     <span class='ocr_line' id='line_1_26' title="bbox 163 2621 1311 2694; baseline 0.002 -20"><span class='ocrx_word' id='word_1_241' title='bbox 163 2621 300 2691; x_wconf 83' lang='lat' dir='ltr'><strong>Europae</strong></span> <span class='ocrx_word' id='word_1_242' title='bbox 319 2639 394 2692; x_wconf 91' lang='lat' dir='ltr'><strong>quae</strong></span> <span class='ocrx_word' id='word_1_243' title='bbox 414 2622 600 2677; x_wconf 87' lang='lat' dir='ltr'><strong>Mithridatis</strong></span> <span class='ocrx_word' id='word_1_244' title='bbox 622 2628 723 2693; x_wconf 90' lang='lat' dir='ltr'><strong>partes</strong></span> <span class='ocrx_word' id='word_1_245' title='bbox 737 2628 858 2677; x_wconf 90' lang='lat' dir='ltr'><strong>secutae</strong></span> <span class='ocrx_word' id='word_1_246' title='bbox 871 2627 973 2677; x_wconf 87' lang='lat' dir='ltr'><strong>essent</strong></span> <span class='ocrx_word' id='word_1_247' title='bbox 987 2623 1076 2692; x_wconf 90' lang='lat' dir='ltr'><strong>(Plut.</strong></span> <span class='ocrx_word' id='word_1_248' title='bbox 1090 2625 1164 2680; x_wconf 77' lang='lat' dir='ltr'><strong>Sed.</strong></span> <span class='ocrx_word' id='word_1_249' title='bbox 1177 2624 1220 2691; x_wconf 88' lang='grc'><strong>22,</strong></span> <span class='ocrx_word' id='word_1_250' title='bbox 1235 2625 1311 2694; x_wconf 88' lang='lat' dir='ltr'><strong>App.</strong></span> 
     </span>
     <span class='ocr_line' id='line_1_27' title="bbox 164 2711 1311 2784; baseline 0.002 -19"><span class='ocrx_word' id='word_1_251' title='bbox 164 2714 197 2765; x_wconf 93' lang='lat' dir='ltr'><strong>B.</strong></span> <span class='ocrx_word' id='word_1_252' title='bbox 216 2714 260 2766; x_wconf 88' lang='lat' dir='ltr'><strong>M.</strong></span> <span class='ocrx_word' id='word_1_253' title='bbox 279 2711 322 2779; x_wconf 82' lang='lat'><strong>55,</strong></span> <span class='ocrx_word' id='word_1_254' title='bbox 341 2711 481 2765; x_wconf 91' lang='lat' dir='ltr'><strong>Memnon</strong></span> <span class='ocrx_word' id='word_1_255' title='bbox 500 2712 556 2783; x_wconf 86' lang='grc'><strong>35).</strong></span> <span class='ocrx_word' id='word_1_256' title='bbox 576 2743 609 2753; x_wconf 96' lang='grc'>-</span> <span class='ocrx_word' id='word_1_257' title='bbox 629 2714 701 2766; x_wconf 83' lang='lat' dir='ltr'><strong>dum</strong></span> <span class='ocrx_word' id='word_1_258' title='bbox 720 2742 753 2751; x_wconf 91' lang='lat'><em>-</em></span> <span class='ocrx_word' id='word_1_259' title='bbox 772 2711 960 2784; x_wconf 82' lang='lat' dir='ltr'><strong>disceptatur]</strong></span> <span class='ocrx_word' id='word_1_260' title='bbox 985 2712 1028 2766; x_wconf 88' lang='lat' dir='ltr'><strong>Eo</strong></span> <span class='ocrx_word' id='word_1_261' title='bbox 1046 2714 1190 2783; x_wconf 89' lang='lat' dir='ltr'><strong>temporis</strong></span> <span class='ocrx_word' id='word_1_262' title='bbox 1213 2713 1311 2782; x_wconf 88' lang='lat' dir='ltr'><strong>spatio</strong></span> 
     </span>
     <span class='ocr_line' id='line_1_28' title="bbox 163 2798 1233 2870; baseline 0.001 -18"><span class='ocrx_word' id='word_1_263' title='bbox 163 2798 240 2869; x_wconf 87' lang='lat' dir='ltr'><strong>quod</strong></span> <span class='ocrx_word' id='word_1_264' title='bbox 260 2818 278 2854; x_wconf 90' lang='lat' dir='ltr'><strong>a</strong></span> <span class='ocrx_word' id='word_1_265' title='bbox 295 2800 416 2855; x_wconf 91' lang='lat' dir='ltr'><strong>Deliaco</strong></span> <span class='ocrx_word' id='word_1_266' title='bbox 435 2800 581 2870; x_wconf 90' lang='lat' dir='ltr'><strong>colloquio</strong></span> <span class='ocrx_word' id='word_1_267' title='bbox 602 2800 751 2870; x_wconf 91' lang='lat' dir='ltr'><strong>usquead</strong></span> <span class='ocrx_word' id='word_1_268' title='bbox 772 2800 977 2855; x_wconf 87' lang='lat' dir='ltr'><strong>Dardaniense</strong></span> <span class='ocrx_word' id='word_1_269' title='bbox 998 2802 1179 2855; x_wconf 90' lang='lat' dir='ltr'><strong>intercessit.</strong></span> <span class='ocrx_word' id='word_1_270' title='bbox 1199 2832 1233 2841; x_wconf 95' lang='lat'>-</span> 
     </span>
    </p>

    <p class='ocr_par' dir='ltr' id='par_1_7' title="bbox 162 2889 1314 4288">
     <span class='ocr_line' id='line_1_29' title="bbox 217 2889 1312 2963; baseline 0.003 -21"><span class='ocrx_word' id='word_1_271' title='bbox 217 2890 250 2943; x_wconf 91' lang='lat' dir='ltr'><strong>B.</strong></span> <span class='ocrx_word' id='word_1_272' title='bbox 270 2891 393 2945; x_wconf 82' lang='lat' dir='ltr'><strong>Maedos</strong></span> <span class='ocrx_word' id='word_1_273' title='bbox 412 2893 438 2944; x_wconf 88' lang='lat' dir='ltr'><strong>et</strong></span> <span class='ocrx_word' id='word_1_274' title='bbox 456 2891 614 2945; x_wconf 83' lang='lat' dir='ltr'><strong>Dardanos</strong></span> <span class='ocrx_word' id='word_1_275' title='bbox 634 2889 689 2963; x_wconf 86' lang='lat' dir='ltr'><strong>etc]</strong></span> <span class='ocrx_word' id='word_1_276' title='bbox 713 2890 738 2943; x_wconf 99' lang='lat' dir='ltr'><strong>A</strong></span> <span class='ocrx_word' id='word_1_277' title='bbox 762 2892 870 2945; x_wconf 87' lang='lat' dir='ltr'><strong>ceteris</strong></span> <span class='ocrx_word' id='word_1_278' title='bbox 895 2890 1092 2961; x_wconf 86' lang='lat' dir='ltr'><strong>scriptoribus</strong></span> <span class='ocrx_word' id='word_1_279' title='bbox 1120 2890 1183 2945; x_wconf 89' lang='lat' dir='ltr'><strong>sola</strong></span> <span class='ocrx_word' id='word_1_280' title='bbox 1211 2890 1312 2945; x_wconf 88' lang='lat' dir='ltr'><strong>Sullae</strong></span> 
     </span>
     <span class='ocr_line' id='line_1_30' title="bbox 166 2977 1312 3049; baseline 0.001 -16"><span class='ocrx_word' id='word_1_281' title='bbox 166 2977 316 3048; x_wconf 88' lang='lat' dir='ltr'><strong>expeditio</strong></span> <span class='ocrx_word' id='word_1_282' title='bbox 335 2979 365 3031; x_wconf 91' lang='lat' dir='ltr'><strong>in</strong></span> <span class='ocrx_word' id='word_1_283' title='bbox 382 2978 504 3049; x_wconf 92' lang='lat' dir='ltr'><strong>populos</strong></span> <span class='ocrx_word' id='word_1_284' title='bbox 524 2980 574 3049; x_wconf 92' lang='lat' dir='ltr'><strong>qui</strong></span> <span class='ocrx_word' id='word_1_285' title='bbox 594 2981 689 3034; x_wconf 88' lang='lat' dir='ltr'><strong>socios</strong></span> <span class='ocrx_word' id='word_1_286' title='bbox 708 2979 912 3033; x_wconf 87' lang='lat' dir='ltr'><strong>Romanorum</strong></span> <span class='ocrx_word' id='word_1_287' title='bbox 932 2985 1118 3033; x_wconf 81' lang='lat' dir='ltr'><strong>vexaverant</strong></span> <span class='ocrx_word' id='word_1_288' title='bbox 1137 2997 1312 3034; x_wconf 90' lang='lat' dir='ltr'><strong>commemo-</strong></span> 
     </span>
     <span class='ocr_line' id='line_1_31' title="bbox 165 3068 1311 3140; baseline 0.001 -17"><span class='ocrx_word' id='word_1_289' title='bbox 165 3077 252 3123; x_wconf 89' lang='lat' dir='ltr'><strong>ratur</strong></span> <span class='ocrx_word' id='word_1_290' title='bbox 273 3068 365 3139; x_wconf 75' lang='lat' dir='ltr'><strong>(Plut.</strong></span> <span class='ocrx_word' id='word_1_291' title='bbox 392 3071 465 3127; x_wconf 80' lang='lat' dir='ltr'><strong>Sed.</strong></span> <span class='ocrx_word' id='word_1_292' title='bbox 485 3069 536 3138; x_wconf 78' lang='lat'><strong>233</strong></span> <span class='ocrx_word' id='word_1_293' title='bbox 557 3069 632 3140; x_wconf 92' lang='lat' dir='ltr'><strong>App.</strong></span> <span class='ocrx_word' id='word_1_294' title='bbox 655 3069 755 3125; x_wconf 83' lang='lat' dir='ltr'><strong>Mitbr.</strong></span> <span class='ocrx_word' id='word_1_295' title='bbox 776 3069 826 3136; x_wconf 87' lang='grc'><strong>55;</strong></span> <span class='ocrx_word' id='word_1_296' title='bbox 857 3069 980 3140; x_wconf 88' lang='lat' dir='ltr'><strong>Eutrop.</strong></span> <span class='ocrx_word' id='word_1_297' title='bbox 1001 3069 1033 3136; x_wconf 91' lang='lat' dir='ltr'><strong>V,</strong></span> <span class='ocrx_word' id='word_1_298' title='bbox 1053 3070 1078 3136; x_wconf 87' lang='lat'><strong>4,</strong></span> <span class='ocrx_word' id='word_1_299' title='bbox 1098 3069 1143 3140; x_wconf 82' lang='grc'><strong>7);</strong></span> <span class='ocrx_word' id='word_1_300' title='bbox 1167 3068 1246 3140; x_wconf 91' lang='lat' dir='ltr'><strong>apud</strong></span> <span class='ocrx_word' id='word_1_301' title='bbox 1265 3087 1311 3124; x_wconf 87' lang='lat' dir='ltr'><strong>ne·</strong></span> 
     </span>
     <span class='ocr_line' id='line_1_32' title="bbox 165 3157 1314 3229; baseline 0.001 -17"><span class='ocrx_word' id='word_1_302' title='bbox 165 3160 274 3214; x_wconf 89' lang='lat' dir='ltr'><strong>minem</strong></span> <span class='ocrx_word' id='word_1_303' title='bbox 295 3159 450 3213; x_wconf 87' lang='lat' dir='ltr'><strong>inhaere</strong></span> <span class='ocrx_word' id='word_1_304' title='bbox 471 3164 572 3229; x_wconf 90' lang='lat' dir='ltr'><strong>partes</strong></span> <span class='ocrx_word' id='word_1_305' title='bbox 600 3159 764 3214; x_wconf 88' lang='lat' dir='ltr'><strong>Hortensio</strong></span> <span class='ocrx_word' id='word_1_306' title='bbox 786 3157 1018 3225; x_wconf 73' lang='lat' dir='ltr'><strong>adscribuntur,</strong></span> <span class='ocrx_word' id='word_1_307' title='bbox 1046 3158 1221 3213; x_wconf 86' lang='lat' dir='ltr'><strong>Licinianus</strong></span> <span class='ocrx_word' id='word_1_308' title='bbox 1252 3159 1314 3213; x_wconf 91' lang='lat' dir='ltr'><strong>dili·</strong></span> 
     </span>
     <span class='ocr_line' id='line_1_33' title="bbox 164 3247 1313 3319; baseline 0 -17"><span class='ocrx_word' id='word_1_309' title='bbox 164 3250 286 3318; x_wconf 84' lang='lat' dir='ltr'><strong>gentius</strong></span> <span class='ocrx_word' id='word_1_310' title='bbox 305 3250 354 3318; x_wconf 90' lang='lat' dir='ltr'><strong>qui</strong></span> <span class='ocrx_word' id='word_1_311' title='bbox 375 3248 412 3302; x_wconf 94' lang='lat' dir='ltr'><strong>ab</strong></span> <span class='ocrx_word' id='word_1_312' title='bbox 430 3247 595 3303; x_wconf 89' lang='lat' dir='ltr'><strong>Hortensio</strong></span> <span class='ocrx_word' id='word_1_313' title='bbox 614 3249 664 3318; x_wconf 93' lang='lat' dir='ltr'><strong>qui</strong></span> <span class='ocrx_word' id='word_1_314' title='bbox 684 3266 701 3301; x_wconf 90' lang='lat' dir='ltr'><strong>a</strong></span> <span class='ocrx_word' id='word_1_315' title='bbox 729 3247 810 3302; x_wconf 86' lang='lat' dir='ltr'><strong>Sulla</strong></span> <span class='ocrx_word' id='word_1_316' title='bbox 830 3248 956 3302; x_wconf 91' lang='lat' dir='ltr'><strong>subiecti</strong></span> <span class='ocrx_word' id='word_1_317' title='bbox 986 3249 1047 3302; x_wconf 91' lang='lat' dir='ltr'><strong>sint</strong></span> <span class='ocrx_word' id='word_1_318' title='bbox 1076 3247 1238 3319; x_wconf 85' lang='lat' dir='ltr'><strong>distinguit</strong></span> <span class='ocrx_word' id='word_1_319' title='bbox 1263 3249 1313 3319; x_wconf 85' lang='lat' dir='ltr'><strong>(cf.</strong></span> 
     </span>
     <span class='ocr_line' id='line_1_34' title="bbox 162 3335 1312 3409; baseline 0.001 -19"><span class='ocrx_word' id='word_1_320' title='bbox 162 3336 288 3392; x_wconf 83' lang='lat' dir='ltr'><strong>Franck.</strong></span> <span class='ocrx_word' id='word_1_321' title='bbox 310 3356 335 3408; x_wconf 91' lang='lat' dir='ltr'><strong>p.</strong></span> <span class='ocrx_word' id='word_1_322' title='bbox 355 3337 428 3407; x_wconf 83' lang='grc'>261).</span> <span class='ocrx_word' id='word_1_323' title='bbox 448 3366 481 3377; x_wconf 91' lang='grc'>-</span> <span class='ocrx_word' id='word_1_324' title='bbox 495 3336 627 3408; x_wconf 85' lang='lat' dir='ltr'><strong>Maedos]</strong></span> <span class='ocrx_word' id='word_1_325' title='bbox 659 3354 734 3407; x_wconf 84' lang='lat' dir='ltr'><strong>gens</strong></span> <span class='ocrx_word' id='word_1_326' title='bbox 753 3336 868 3390; x_wconf 87' lang='lat' dir='ltr'><strong>Maced.</strong></span> <span class='ocrx_word' id='word_1_327' title='bbox 886 3335 934 3408; x_wconf 88' lang='lat' dir='ltr'><strong>(de</strong></span> <span class='ocrx_word' id='word_1_328' title='bbox 948 3354 1006 3406; x_wconf 91' lang='lat' dir='ltr'><strong>qua</strong></span> <span class='ocrx_word' id='word_1_329' title='bbox 1019 3336 1151 3409; x_wconf 84' lang='lat' dir='ltr'><strong>Thucyd.</strong></span> <span class='ocrx_word' id='word_1_330' title='bbox 1165 3336 1205 3403; x_wconf 90' lang='lat' dir='ltr'><strong>II,</strong></span> <span class='ocrx_word' id='word_1_331' title='bbox 1219 3337 1262 3401; x_wconf 84' lang='lat'><strong>98,</strong></span> <span class='ocrx_word' id='word_1_332' title='bbox 1277 3339 1312 3404; x_wconf 84' lang='lat'><strong>2;</strong></span> 
     </span>
     <span class='ocr_line' id='line_1_35' title="bbox 164 3425 1314 3497; baseline 0.002 -18"><span class='ocrx_word' id='word_1_333' title='bbox 164 3426 240 3481; x_wconf 91' lang='lat' dir='ltr'><strong>Plin.</strong></span> <span class='ocrx_word' id='word_1_334' title='bbox 261 3430 300 3482; x_wconf 89' lang='lat' dir='ltr'><strong>H.</strong></span> <span class='ocrx_word' id='word_1_335' title='bbox 320 3429 358 3482; x_wconf 88' lang='lat' dir='ltr'><strong>N.</strong></span> <span class='ocrx_word' id='word_1_336' title='bbox 381 3428 423 3493; x_wconf 90' lang='grc'><strong>14,</strong></span> <span class='ocrx_word' id='word_1_337' title='bbox 444 3427 494 3495; x_wconf 86' lang='grc'><strong>18;</strong></span> <span class='ocrx_word' id='word_1_338' title='bbox 515 3427 611 3484; x_wconf 88' lang='lat' dir='ltr'><strong>Strab.</strong></span> <span class='ocrx_word' id='word_1_339' title='bbox 630 3427 688 3481; x_wconf 91' lang='lat' dir='ltr'><strong>VII</strong></span> <span class='ocrx_word' id='word_1_340' title='bbox 708 3445 734 3497; x_wconf 94' lang='lat' dir='ltr'><strong>p.</strong></span> <span class='ocrx_word' id='word_1_341' title='bbox 753 3427 826 3495; x_wconf 82' lang='grc'>316),</span> <span class='ocrx_word' id='word_1_342' title='bbox 856 3444 932 3496; x_wconf 91' lang='lat' dir='ltr'><strong>quae</strong></span> <span class='ocrx_word' id='word_1_343' title='bbox 951 3428 1034 3497; x_wconf 90' lang='lat' dir='ltr'><strong>prius</strong></span> <span class='ocrx_word' id='word_1_344' title='bbox 1063 3427 1149 3496; x_wconf 88' lang='lat' dir='ltr'><strong>pulsa</strong></span> <span class='ocrx_word' id='word_1_345' title='bbox 1177 3425 1215 3480; x_wconf 92' lang='lat' dir='ltr'><strong>ab</strong></span> <span class='ocrx_word' id='word_1_346' title='bbox 1237 3427 1314 3481; x_wconf 88' lang='lat' dir='ltr'><strong>Hor·</strong></span> 
     </span>
     <span class='ocr_line' id='line_1_36' title="bbox 165 3516 1313 3586; baseline 0.001 -16"><span class='ocrx_word' id='word_1_347' title='bbox 165 3518 262 3572; x_wconf 87' lang='lat' dir='ltr'><strong>tensio</strong></span> <span class='ocrx_word' id='word_1_348' title='bbox 283 3516 376 3571; x_wconf 84' lang='lat' dir='ltr'><strong>fuisse</strong></span> <span class='ocrx_word' id='word_1_349' title='bbox 396 3516 524 3584; x_wconf 90' lang='lat' dir='ltr'><strong>videtur,</strong></span> <span class='ocrx_word' id='word_1_350' title='bbox 544 3521 609 3570; x_wconf 91' lang='lat' dir='ltr'><strong>tum</strong></span> <span class='ocrx_word' id='word_1_351' title='bbox 628 3535 645 3570; x_wconf 88' lang='lat' dir='ltr'><strong>a</strong></span> <span class='ocrx_word' id='word_1_352' title='bbox 665 3516 746 3570; x_wconf 87' lang='lat' dir='ltr'><strong>Sulla</strong></span> <span class='ocrx_word' id='word_1_353' title='bbox 765 3516 908 3571; x_wconf 90' lang='lat' dir='ltr'><strong>subiecta.</strong></span> <span class='ocrx_word' id='word_1_354' title='bbox 929 3548 959 3558; x_wconf 97' lang='lat'>-</span> <span class='ocrx_word' id='word_1_355' title='bbox 981 3533 1038 3586; x_wconf 85' lang='lat' dir='ltr'><strong>quc</strong></span> <span class='ocrx_word' id='word_1_356' title='bbox 1053 3518 1211 3571; x_wconf 84' lang='lat' dir='ltr'><strong>Dardanos</strong></span> <span class='ocrx_word' id='word_1_357' title='bbox 1224 3547 1258 3557; x_wconf 90' lang='lat'><em>-</em></span> <span class='ocrx_word' id='word_1_358' title='bbox 1271 3535 1313 3571; x_wconf 86' lang='lat' dir='ltr'><strong>re-</strong></span> 
     </span>
     <span class='ocr_line' id='line_1_37' title="bbox 163 3604 1314 3679; baseline -0.002 -19"><span class='ocrx_word' id='word_1_359' title='bbox 163 3604 246 3679; x_wconf 85' lang='lat' dir='ltr'><strong>cepit]</strong></span> <span class='ocrx_word' id='word_1_360' title='bbox 265 3605 377 3661; x_wconf 89' lang='lat' dir='ltr'><strong>Hostes</strong></span> <span class='ocrx_word' id='word_1_361' title='bbox 396 3612 483 3660; x_wconf 91' lang='lat' dir='ltr'><strong>erant</strong></span> <span class='ocrx_word' id='word_1_362' title='bbox 502 3623 561 3661; x_wconf 90' lang='lat' dir='ltr'><strong>uon</strong></span> <span class='ocrx_word' id='word_1_363' title='bbox 581 3605 677 3661; x_wconf 87' lang='lat' dir='ltr'><strong>solum</strong></span> <span class='ocrx_word' id='word_1_364' title='bbox 697 3606 829 3660; x_wconf 87' lang='lat' dir='ltr'><strong>Dardani</strong></span> <span class='ocrx_word' id='word_1_365' title='bbox 843 3611 873 3660; x_wconf 93' lang='lat' dir='ltr'><strong>et</strong></span> <span class='ocrx_word' id='word_1_366' title='bbox 889 3606 1075 3671; x_wconf 88' lang='lat' dir='ltr'><strong>Denseletae,</strong></span> <span class='ocrx_word' id='word_1_367' title='bbox 1090 3605 1141 3660; x_wconf 93' lang='lat' dir='ltr'><strong>sed</strong></span> <span class='ocrx_word' id='word_1_368' title='bbox 1156 3607 1247 3660; x_wconf 90' lang='lat' dir='ltr'><strong>etiam</strong></span> <span class='ocrx_word' id='word_1_369' title='bbox 1261 3605 1314 3658; x_wconf 92' lang='lat' dir='ltr'><strong>alii</strong></span> 
     </span>
     <span class='ocr_line' id='line_1_38' title="bbox 163 3694 1312 3766; baseline -0.001 -17"><span class='ocrx_word' id='word_1_370' title='bbox 163 3695 262 3766; x_wconf 92' lang='lat' dir='ltr'><strong>populi</strong></span> <span class='ocrx_word' id='word_1_371' title='bbox 282 3696 401 3750; x_wconf 87' lang='lat' dir='ltr'><strong>barbari</strong></span> <span class='ocrx_word' id='word_1_372' title='bbox 423 3697 473 3766; x_wconf 95' lang='lat' dir='ltr'><strong>qui</strong></span> <span class='ocrx_word' id='word_1_373' title='bbox 492 3695 529 3750; x_wconf 91' lang='lat' dir='ltr'><strong>ab</strong></span> <span class='ocrx_word' id='word_1_374' title='bbox 549 3697 641 3750; x_wconf 88' lang='lat' dir='ltr'><strong>armis</strong></span> <span class='ocrx_word' id='word_1_375' title='bbox 660 3694 813 3750; x_wconf 88' lang='lat' dir='ltr'><strong>discedere</strong></span> <span class='ocrx_word' id='word_1_376' title='bbox 832 3694 1010 3763; x_wconf 77' lang='lat' dir='ltr'><strong>noluerant,</strong></span> <span class='ocrx_word' id='word_1_377' title='bbox 1031 3695 1077 3749; x_wconf 87' lang='lat' dir='ltr'><strong>his</strong></span> <span class='ocrx_word' id='word_1_378' title='bbox 1091 3695 1195 3759; x_wconf 86' lang='lat' dir='ltr'><strong>caesis,</strong></span> <span class='ocrx_word' id='word_1_379' title='bbox 1215 3694 1261 3748; x_wconf 91' lang='lat' dir='ltr'><strong>illi</strong></span> <span class='ocrx_word' id='word_1_380' title='bbox 1280 3695 1312 3748; x_wconf 89' lang='lat' dir='ltr'><strong>in</strong></span> 
     </span>
     <span class='ocr_line' id='line_1_39' title="bbox 162 3782 1309 3857; baseline 0 -20"><span class='ocrx_word' id='word_1_381' title='bbox 162 3783 343 3838; x_wconf 88' lang='lat' dir='ltr'><strong>deditionem</strong></span> <span class='ocrx_word' id='word_1_382' title='bbox 371 3787 483 3856; x_wconf 88' lang='lat' dir='ltr'><strong>recepti</strong></span> <span class='ocrx_word' id='word_1_383' title='bbox 506 3790 586 3840; x_wconf 90' lang='lat' dir='ltr'><strong>sunt.</strong></span> <span class='ocrx_word' id='word_1_384' title='bbox 616 3816 649 3825; x_wconf 93' lang='lat'>-</span> <span class='ocrx_word' id='word_1_385' title='bbox 684 3782 864 3857; x_wconf 77' lang='lat' dir='ltr'><strong>Denseletae]</strong></span> <span class='ocrx_word' id='word_1_386' title='bbox 893 3783 1060 3856; x_wconf 71' lang='grc' dir='ltr'>Δενθελῆται</span> <span class='ocrx_word' id='word_1_387' title='bbox 1087 3801 1162 3853; x_wconf 90' lang='lat' dir='ltr'><strong>gens</strong></span> <span class='ocrx_word' id='word_1_388' title='bbox 1194 3783 1309 3838; x_wconf 88' lang='lat' dir='ltr'><strong>Maced.</strong></span> 
     </span>
     <span class='ocr_line' id='line_1_40' title="bbox 164 3873 1310 3947; baseline 0.001 -20"><span class='ocrx_word' id='word_1_389' title='bbox 164 3873 273 3928; x_wconf 77' lang='lat' dir='ltr'><strong>Theod.</strong></span> <span class='ocrx_word' id='word_1_390' title='bbox 293 3874 428 3929; x_wconf 89' lang='lat' dir='ltr'><strong>Reinach</strong></span> <span class='ocrx_word' id='word_1_391' title='bbox 447 3876 484 3947; x_wconf 80' lang='lat' dir='ltr'><strong>(o.</strong></span> <span class='ocrx_word' id='word_1_392' title='bbox 505 3893 542 3928; x_wconf 91' lang='lat' dir='ltr'><strong>m.</strong></span> <span class='ocrx_word' id='word_1_393' title='bbox 562 3894 589 3946; x_wconf 90' lang='lat' dir='ltr'><strong>p.</strong></span> <span class='ocrx_word' id='word_1_394' title='bbox 609 3876 662 3932; x_wconf 88' lang='grc'><strong>202</strong></span> <span class='ocrx_word' id='word_1_395' title='bbox 680 3873 747 3928; x_wconf 89' lang='lat' dir='ltr'><strong>adn.</strong></span> <span class='ocrx_word' id='word_1_396' title='bbox 767 3876 796 3945; x_wconf 87' lang='grc'><strong>2)</strong></span> <span class='ocrx_word' id='word_1_397' title='bbox 809 3880 911 3928; x_wconf 92' lang='lat' dir='ltr'><strong>monet</strong></span> <span class='ocrx_word' id='word_1_398' title='bbox 926 3873 1101 3929; x_wconf 82' lang='lat' dir='ltr'><strong>Denseletae</strong></span> <span class='ocrx_word' id='word_1_399' title='bbox 1114 3892 1132 3928; x_wconf 91' lang='lat' dir='ltr'><strong>a</strong></span> <span class='ocrx_word' id='word_1_400' title='bbox 1145 3873 1310 3941; x_wconf 91' lang='lat' dir='ltr'><strong>Liciniano,</strong></span> 
     </span>
     <span class='ocr_line' id='line_1_41' title="bbox 165 3963 1311 4036; baseline 0.002 -18"><span class='ocrx_word' id='word_1_401' title='bbox 165 3966 214 4034; x_wconf 93' lang='lat' dir='ltr'><strong>qui</strong></span> <span class='ocrx_word' id='word_1_402' title='bbox 234 3965 317 4020; x_wconf 86' lang='lat' dir='ltr'><strong>solus</strong></span> <span class='ocrx_word' id='word_1_403' title='bbox 337 3983 387 4020; x_wconf 88' lang='lat' dir='ltr'><strong>ecs</strong></span> <span class='ocrx_word' id='word_1_404' title='bbox 407 3966 550 4032; x_wconf 90' lang='lat' dir='ltr'><strong>nominat,</strong></span> <span class='ocrx_word' id='word_1_405' title='bbox 565 3983 616 4036; x_wconf 89' lang='lat' dir='ltr'><strong>per</strong></span> <span class='ocrx_word' id='word_1_406' title='bbox 630 3982 762 4020; x_wconf 89' lang='lat' dir='ltr'><strong>errorem</strong></span> <span class='ocrx_word' id='word_1_407' title='bbox 782 3965 893 4018; x_wconf 89' lang='lat' dir='ltr'><strong>allatos</strong></span> <span class='ocrx_word' id='word_1_408' title='bbox 907 3981 971 4019; x_wconf 90' lang='lat' dir='ltr'><strong>esse</strong></span> <span class='ocrx_word' id='word_1_409' title='bbox 990 3964 1039 4035; x_wconf 88' lang='lat' dir='ltr'><strong>(cf.</strong></span> <span class='ocrx_word' id='word_1_410' title='bbox 1053 3964 1111 4019; x_wconf 80' lang='lat' dir='ltr'><strong>Cic.</strong></span> <span class='ocrx_word' id='word_1_411' title='bbox 1126 3963 1159 4018; x_wconf 82' lang='lat' dir='ltr'><strong>in</strong></span> <span class='ocrx_word' id='word_1_412' title='bbox 1174 3964 1311 4020; x_wconf 81' lang='lat' dir='ltr'><strong>Pisonem</strong></span> 
     </span>
     <span class='ocr_line' id='line_1_42' title="bbox 164 4053 1313 4127; baseline -0.001 -19"><span class='ocrx_word' id='word_1_413' title='bbox 164 4054 207 4120; x_wconf 85' lang='grc'><strong>34,</strong></span> <span class='ocrx_word' id='word_1_414' title='bbox 225 4054 281 4126; x_wconf 83' lang='grc'>24).</span> <span class='ocrx_word' id='word_1_415' title='bbox 302 4085 334 4096; x_wconf 83' lang='lat'><em>-</em></span> <span class='ocrx_word' id='word_1_416' title='bbox 353 4053 514 4127; x_wconf 88' lang='lat' dir='ltr'><strong>Nicomedi]</strong></span> <span class='ocrx_word' id='word_1_417' title='bbox 532 4054 718 4122; x_wconf 86' lang='lat' dir='ltr'><strong>Nicomedes,</strong></span> <span class='ocrx_word' id='word_1_418' title='bbox 737 4056 847 4109; x_wconf 90' lang='lat' dir='ltr'><strong>tertius</strong></span> <span class='ocrx_word' id='word_1_419' title='bbox 866 4055 995 4122; x_wconf 85' lang='lat' dir='ltr'><strong>nomine,</strong></span> <span class='ocrx_word' id='word_1_420' title='bbox 1015 4055 1066 4124; x_wconf 91' lang='lat' dir='ltr'><strong>qui</strong></span> <span class='ocrx_word' id='word_1_421' title='bbox 1085 4059 1188 4124; x_wconf 90' lang='lat' dir='ltr'><strong>postea</strong></span> <span class='ocrx_word' id='word_1_422' title='bbox 1214 4053 1313 4107; x_wconf 91' lang='lat' dir='ltr'><strong>Philo·</strong></span> 
     </span>
     <span class='ocr_line' id='line_1_43' title="bbox 164 4142 1311 4213; baseline 0 -17"><span class='ocrx_word' id='word_1_423' title='bbox 164 4148 252 4213; x_wconf 87' lang='lat' dir='ltr'><strong>pator</strong></span> <span class='ocrx_word' id='word_1_424' title='bbox 269 4142 436 4213; x_wconf 89' lang='lat' dir='ltr'><strong>appellatus</strong></span> <span class='ocrx_word' id='word_1_425' title='bbox 456 4148 510 4211; x_wconf 90' lang='lat' dir='ltr'><strong>est,</strong></span> <span class='ocrx_word' id='word_1_426' title='bbox 530 4160 608 4198; x_wconf 88' lang='lat' dir='ltr'><strong>anno</strong></span> <span class='ocrx_word' id='word_1_427' title='bbox 627 4144 687 4212; x_wconf 87' lang='grc'>666,</span> <span class='ocrx_word' id='word_1_428' title='bbox 709 4162 726 4197; x_wconf 90' lang='lat' dir='ltr'><strong>a</strong></span> <span class='ocrx_word' id='word_1_429' title='bbox 747 4143 880 4200; x_wconf 87' lang='lat' dir='ltr'><strong>Ponticis</strong></span> <span class='ocrx_word' id='word_1_430' title='bbox 898 4144 990 4213; x_wconf 90' lang='lat' dir='ltr'><strong>copiis</strong></span> <span class='ocrx_word' id='word_1_431' title='bbox 1009 4142 1154 4213; x_wconf 87' lang='lat' dir='ltr'><strong>devictus,</strong></span> <span class='ocrx_word' id='word_1_432' title='bbox 1184 4160 1311 4213; x_wconf 87' lang='lat' dir='ltr'><strong>regnum</strong></span> 
     </span>
     <span class='ocr_line' id='line_1_44' title="bbox 166 4233 317 4288; baseline 0.013 -3"><span class='ocrx_word' id='word_1_433' title='bbox 166 4233 317 4288; x_wconf 88' lang='lat' dir='ltr'><strong>amiserat.</strong></span> 
     </span>
    </p>
   </div>
   <div class='ocr_carea' id='block_1_7' title="bbox 590 4365 892 4408">
    <p class='ocr_par' dir='ltr' id='par_1_8' title="bbox 590 4365 892 4408">
     <span class='ocr_line' id='line_1_45' title="bbox 590 4365 892 4408; baseline 0.003 -14"><span class='ocrx_word' id='word_1_434' title='bbox 590 4365 892 4408; x_wconf 70' lang='lat'><strong>—-·00&lt;&gt;00--</strong></span> 
     </span>
    </p>
   </div>
   <div class='ocr_carea' id='block_1_8' title="bbox 0 0 1663 5167">
    <p class='ocr_par' dir='ltr' id='par_1_9' title="bbox 0 0 1663 5167">
     <span class='ocr_line' id='line_1_46' title="bbox 0 0 1663 5167; baseline 0 0"><span class='ocrx_word' id='word_1_435' title='bbox 0 0 1663 5167; x_wconf 95' lang='lat' dir='ltr'><strong> </strong></span> 
     </span>
    </p>
   </div>
  </div>
 </body>
</html>
